timestamp,buyer,seller,symbol,currency,price,quantity,day_from_file
0,-,-,KELP,SEASHELLS,2002.0,1,-2
0,-,-,RAINFOREST_RESIN,SEASHELLS,9996.0,1,-2
0,-,-,RAINFOREST_RESIN,SEASHELLS,9996.0,1,-2
0,-,-,SQUID_INK,SEASHELLS,2002.0,1,-2
100,-,-,KELP,SEASHELLS,2002.0,6,-2
100,-,-,SQUID_INK,SEASHELLS,2001.0,6,-2
1000,-,-,KELP,SEASHELLS,1999.0,10,-2
1000,-,-,SQUID_INK,SEASHELLS,1999.0,10,-2
1100,-,-,KELP,SEASHELLS,1999.0,1,-2
1100,-,-,SQUID_INK,SEASHELLS,1999.0,1,-2
1500,-,-,KELP,SEASHELLS,2002.0,1,-2
1500,-,-,RAINFOREST_RESIN,SEASHELLS,10004.0,1,-2
1500,-,-,SQUID_INK,SEASHELLS,2000.0,1,-2
1800,-,-,KELP,SEASHELLS,2001.0,1,-2
1800,-,-,KELP,SEASHELLS,2001.0,1,-2
1800,-,-,SQUID_INK,SEASHELLS,2000.0,1,-2
1800,-,-,SQUID_INK,SEASHELLS,1999.0,1,-2
2000,-,-,KELP,SEASHELLS,2001.0,1,-2
2000,-,-,SQUID_INK,SEASHELLS,2001.0,1,-2
2100,-,-,SQUID_INK,SEASHELLS,2001.0,4,-2
2500,-,-,KELP,SEASHELLS,1999.0,11,-2
2500,-,-,RAINFOREST_RESIN,SEASHELLS,9998.0,1,-2
2500,-,-,SQUID_INK,SEASHELLS,1999.0,11,-2
3200,-,-,KELP,SEASHELLS,1998.0,1,-2
3200,-,-,RAINFOREST_RESIN,SEASHELLS,9996.0,1,-2
3200,-,-,SQUID_INK,SEASHELLS,1999.0,1,-2
3300,-,-,KELP,SEASHELLS,1999.0,2,-2
3300,-,-,RAINFOREST_RESIN,SEASHELLS,9995.0,2,-2
3300,-,-,SQUID_INK,SEASHELLS,1999.0,2,-2
3600,-,-,RAINFOREST_RESIN,SEASHELLS,10005.0,6,-2
3900,-,-,KELP,SEASHELLS,2001.0,1,-2
3900,-,-,SQUID_INK,SEASHELLS,2002.0,1,-2
4000,-,-,RAINFOREST_RESIN,SEASHELLS,9998.0,1,-2
4200,-,-,KELP,SEASHELLS,1999.0,1,-2
4200,-,-,RAINFOREST_RESIN,SEASHELLS,10004.0,2,-2
4200,-,-,RAINFOREST_RESIN,SEASHELLS,10004.0,1,-2
4200,-,-,SQUID_INK,SEASHELLS,1999.0,1,-2
4400,-,-,KELP,SEASHELLS,2001.0,2,-2
4400,-,-,SQUID_INK,SEASHELLS,2000.0,2,-2
4500,-,-,KELP,SEASHELLS,1999.0,9,-2
4500,-,-,SQUID_INK,SEASHELLS,1998.0,9,-2
5000,-,-,KELP,SEASHELLS,1999.0,3,-2
5800,-,-,KELP,SEASHELLS,1999.0,7,-2
5800,-,-,SQUID_INK,SEASHELLS,1996.0,7,-2
6500,-,-,KELP,SEASHELLS,1999.0,5,-2
6500,-,-,SQUID_INK,SEASHELLS,2000.0,5,-2
6600,-,-,KELP,SEASHELLS,1999.0,1,-2
6600,-,-,SQUID_INK,SEASHELLS,1999.0,1,-2
6700,-,-,KELP,SEASHELLS,1999.0,4,-2
6700,-,-,KELP,SEASHELLS,1999.0,2,-2
6700,-,-,RAINFOREST_RESIN,SEASHELLS,9998.0,2,-2
6700,-,-,SQUID_INK,SEASHELLS,2001.0,4,-2
6700,-,-,SQUID_INK,SEASHELLS,2001.0,2,-2
7100,-,-,KELP,SEASHELLS,1999.0,5,-2
7100,-,-,SQUID_INK,SEASHELLS,2000.0,5,-2
7200,-,-,KELP,SEASHELLS,2002.0,4,-2
7200,-,-,SQUID_INK,SEASHELLS,2003.0,4,-2
7300,-,-,KELP,SEASHELLS,1999.0,1,-2
7300,-,-,SQUID_INK,SEASHELLS,2000.0,1,-2
7400,-,-,KELP,SEASHELLS,2002.0,1,-2
7400,-,-,KELP,SEASHELLS,2001.0,1,-2
7400,-,-,RAINFOREST_RESIN,SEASHELLS,10002.0,1,-2
7400,-,-,SQUID_INK,SEASHELLS,2005.0,1,-2
7400,-,-,SQUID_INK,SEASHELLS,2003.0,1,-2
7500,-,-,RAINFOREST_RESIN,SEASHELLS,10002.0,1,-2
7800,-,-,KELP,SEASHELLS,2000.0,1,-2
7800,-,-,SQUID_INK,SEASHELLS,2004.0,1,-2
8600,-,-,KELP,SEASHELLS,2001.0,1,-2
8600,-,-,RAINFOREST_RESIN,SEASHELLS,10002.0,1,-2
8600,-,-,SQUID_INK,SEASHELLS,2006.0,1,-2
8700,-,-,KELP,SEASHELLS,2002.0,2,-2
8700,-,-,RAINFOREST_RESIN,SEASHELLS,10002.0,2,-2
8700,-,-,SQUID_INK,SEASHELLS,2006.0,2,-2
8800,-,-,KELP,SEASHELLS,2000.0,1,-2
8800,-,-,RAINFOREST_RESIN,SEASHELLS,10002.0,1,-2
8800,-,-,SQUID_INK,SEASHELLS,2004.0,1,-2
9600,-,-,RAINFOREST_RESIN,SEASHELLS,10000.0,3,-2
10100,-,-,RAINFOREST_RESIN,SEASHELLS,9998.0,1,-2
10200,-,-,KELP,SEASHELLS,1998.0,1,-2
10200,-,-,RAINFOREST_RESIN,SEASHELLS,9996.0,1,-2
10200,-,-,SQUID_INK,SEASHELLS,2003.0,1,-2
11100,-,-,KELP,SEASHELLS,2001.0,12,-2
11100,-,-,KELP,SEASHELLS,2001.0,2,-2
11100,-,-,RAINFOREST_RESIN,SEASHELLS,10005.0,2,-2
11100,-,-,SQUID_INK,SEASHELLS,2007.0,12,-2
11100,-,-,SQUID_INK,SEASHELLS,2007.0,2,-2
11300,-,-,KELP,SEASHELLS,1998.0,1,-2
11300,-,-,SQUID_INK,SEASHELLS,2003.0,1,-2
11400,-,-,KELP,SEASHELLS,1998.0,1,-2
11400,-,-,SQUID_INK,SEASHELLS,2002.0,1,-2
12000,-,-,KELP,SEASHELLS,1998.0,2,-2
12000,-,-,KELP,SEASHELLS,1998.0,2,-2
12000,-,-,SQUID_INK,SEASHELLS,2003.0,2,-2
12000,-,-,SQUID_INK,SEASHELLS,2003.0,2,-2
13000,-,-,KELP,SEASHELLS,2000.0,2,-2
13000,-,-,RAINFOREST_RESIN,SEASHELLS,9998.0,1,-2
13000,-,-,SQUID_INK,SEASHELLS,2002.0,2,-2
13500,-,-,KELP,SEASHELLS,1998.0,1,-2
13500,-,-,SQUID_INK,SEASHELLS,1997.0,1,-2
13600,-,-,RAINFOREST_RESIN,SEASHELLS,9998.0,1,-2
13900,-,-,KELP,SEASHELLS,1998.0,2,-2
13900,-,-,RAINFOREST_RESIN,SEASHELLS,9996.0,1,-2
13900,-,-,RAINFOREST_RESIN,SEASHELLS,9996.0,1,-2
13900,-,-,SQUID_INK,SEASHELLS,1996.0,2,-2
14000,-,-,RAINFOREST_RESIN,SEASHELLS,10005.0,7,-2
14300,-,-,KELP,SEASHELLS,1998.0,1,-2
14300,-,-,SQUID_INK,SEASHELLS,1994.0,1,-2
15000,-,-,KELP,SEASHELLS,1998.0,1,-2
15000,-,-,SQUID_INK,SEASHELLS,1998.0,1,-2
15100,-,-,RAINFOREST_RESIN,SEASHELLS,10005.0,4,-2
15400,-,-,RAINFOREST_RESIN,SEASHELLS,10002.0,5,-2
16400,-,-,KELP,SEASHELLS,1999.0,6,-2
16400,-,-,SQUID_INK,SEASHELLS,1995.0,6,-2
17000,-,-,KELP,SEASHELLS,2002.0,9,-2
17000,-,-,SQUID_INK,SEASHELLS,1997.0,9,-2
17200,-,-,KELP,SEASHELLS,1998.0,1,-2
17200,-,-,KELP,SEASHELLS,1998.0,9,-2
17200,-,-,SQUID_INK,SEASHELLS,1994.0,1,-2
17200,-,-,SQUID_INK,SEASHELLS,1994.0,9,-2
17300,-,-,RAINFOREST_RESIN,SEASHELLS,10002.0,1,-2
17400,-,-,KELP,SEASHELLS,2001.0,10,-2
17400,-,-,SQUID_INK,SEASHELLS,1999.0,10,-2
18000,-,-,KELP,SEASHELLS,2001.0,4,-2
18000,-,-,SQUID_INK,SEASHELLS,1997.0,4,-2
18100,-,-,KELP,SEASHELLS,1998.0,1,-2
18100,-,-,SQUID_INK,SEASHELLS,1994.0,1,-2
18200,-,-,KELP,SEASHELLS,1998.0,8,-2
18200,-,-,RAINFOREST_RESIN,SEASHELLS,9998.0,1,-2
18200,-,-,SQUID_INK,SEASHELLS,1994.0,8,-2
18300,-,-,KELP,SEASHELLS,2000.0,2,-2
18300,-,-,RAINFOREST_RESIN,SEASHELLS,9998.0,1,-2
18300,-,-,RAINFOREST_RESIN,SEASHELLS,10005.0,2,-2
18300,-,-,SQUID_INK,SEASHELLS,1995.0,2,-2
18500,-,-,RAINFOREST_RESIN,SEASHELLS,10005.0,5,-2
18600,-,-,KELP,SEASHELLS,1998.0,1,-2
18600,-,-,SQUID_INK,SEASHELLS,1993.0,1,-2
19200,-,-,SQUID_INK,SEASHELLS,1993.0,1,-2
19400,-,-,KELP,SEASHELLS,1999.0,1,-2
19400,-,-,SQUID_INK,SEASHELLS,1994.0,1,-2
19500,-,-,RAINFOREST_RESIN,SEASHELLS,10002.0,1,-2
19600,-,-,RAINFOREST_RESIN,SEASHELLS,10002.0,1,-2
19900,-,-,RAINFOREST_RESIN,SEASHELLS,10002.0,1,-2
20200,-,-,RAINFOREST_RESIN,SEASHELLS,10002.0,1,-2
20300,-,-,KELP,SEASHELLS,2001.0,1,-2
20300,-,-,SQUID_INK,SEASHELLS,1996.0,1,-2
20600,-,-,RAINFOREST_RESIN,SEASHELLS,9995.0,9,-2
20600,-,-,RAINFOREST_RESIN,SEASHELLS,9998.0,1,-2
20900,-,-,KELP,SEASHELLS,2002.0,1,-2
20900,-,-,RAINFOREST_RESIN,SEASHELLS,9998.0,1,-2
20900,-,-,SQUID_INK,SEASHELLS,1997.0,1,-2
21300,-,-,KELP,SEASHELLS,2002.0,1,-2
21300,-,-,RAINFOREST_RESIN,SEASHELLS,10002.0,1,-2
21300,-,-,SQUID_INK,SEASHELLS,1995.0,1,-2
21400,-,-,KELP,SEASHELLS,2000.0,1,-2
21400,-,-,SQUID_INK,SEASHELLS,1993.0,1,-2
21800,-,-,KELP,SEASHELLS,2000.0,1,-2
21800,-,-,SQUID_INK,SEASHELLS,1993.0,1,-2
22300,-,-,KELP,SEASHELLS,1998.0,1,-2
22300,-,-,SQUID_INK,SEASHELLS,1992.0,1,-2
22600,-,-,SQUID_INK,SEASHELLS,1994.0,2,-2
22700,-,-,RAINFOREST_RESIN,SEASHELLS,9998.0,1,-2
22900,-,-,KELP,SEASHELLS,1999.0,2,-2
22900,-,-,SQUID_INK,SEASHELLS,1995.0,2,-2
23000,-,-,RAINFOREST_RESIN,SEASHELLS,9998.0,4,-2
23100,-,-,KELP,SEASHELLS,2000.0,1,-2
23100,-,-,SQUID_INK,SEASHELLS,1996.0,1,-2
23300,-,-,RAINFOREST_RESIN,SEASHELLS,9998.0,2,-2
23900,-,-,RAINFOREST_RESIN,SEASHELLS,9995.0,8,-2
23900,-,-,RAINFOREST_RESIN,SEASHELLS,9998.0,3,-2
24000,-,-,KELP,SEASHELLS,2000.0,3,-2
24000,-,-,SQUID_INK,SEASHELLS,1994.0,3,-2
24200,-,-,KELP,SEASHELLS,1998.0,5,-2
24200,-,-,SQUID_INK,SEASHELLS,1992.0,5,-2
24300,-,-,RAINFOREST_RESIN,SEASHELLS,10002.0,1,-2
24500,-,-,KELP,SEASHELLS,2000.0,1,-2
24500,-,-,SQUID_INK,SEASHELLS,1994.0,1,-2
24600,-,-,RAINFOREST_RESIN,SEASHELLS,9996.0,2,-2
24600,-,-,RAINFOREST_RESIN,SEASHELLS,9996.0,2,-2
24700,-,-,KELP,SEASHELLS,2000.0,6,-2
24700,-,-,SQUID_INK,SEASHELLS,1992.0,6,-2
25100,-,-,KELP,SEASHELLS,2000.0,1,-2
25100,-,-,RAINFOREST_RESIN,SEASHELLS,10002.0,1,-2
25100,-,-,SQUID_INK,SEASHELLS,1992.0,1,-2
25400,-,-,KELP,SEASHELLS,1998.0,7,-2
25400,-,-,SQUID_INK,SEASHELLS,1993.0,7,-2
25600,-,-,KELP,SEASHELLS,2000.0,2,-2
25600,-,-,RAINFOREST_RESIN,SEASHELLS,10004.0,2,-2
25600,-,-,SQUID_INK,SEASHELLS,1993.0,2,-2
25700,-,-,RAINFOREST_RESIN,SEASHELLS,10002.0,8,-2
25700,-,-,RAINFOREST_RESIN,SEASHELLS,10002.0,3,-2
26300,-,-,KELP,SEASHELLS,1998.0,1,-2
26300,-,-,SQUID_INK,SEASHELLS,1992.0,1,-2
26400,-,-,KELP,SEASHELLS,1998.0,1,-2
26400,-,-,RAINFOREST_RESIN,SEASHELLS,10005.0,9,-2
26400,-,-,SQUID_INK,SEASHELLS,1991.0,1,-2
26700,-,-,KELP,SEASHELLS,2000.0,1,-2
26700,-,-,SQUID_INK,SEASHELLS,1996.0,1,-2
27000,-,-,KELP,SEASHELLS,1999.0,4,-2
27000,-,-,RAINFOREST_RESIN,SEASHELLS,10002.0,1,-2
27000,-,-,SQUID_INK,SEASHELLS,1992.0,4,-2
27200,-,-,KELP,SEASHELLS,1998.0,1,-2
27200,-,-,SQUID_INK,SEASHELLS,1991.0,1,-2
27300,-,-,KELP,SEASHELLS,2001.0,11,-2
27300,-,-,SQUID_INK,SEASHELLS,1995.0,11,-2
27700,-,-,RAINFOREST_RESIN,SEASHELLS,9998.0,3,-2
27700,-,-,RAINFOREST_RESIN,SEASHELLS,9998.0,1,-2
27900,-,-,RAINFOREST_RESIN,SEASHELLS,10002.0,4,-2
28000,-,-,KELP,SEASHELLS,2001.0,1,-2
28000,-,-,RAINFOREST_RESIN,SEASHELLS,10005.0,1,-2
28000,-,-,SQUID_INK,SEASHELLS,1996.0,1,-2
28300,-,-,KELP,SEASHELLS,1999.0,1,-2
28300,-,-,RAINFOREST_RESIN,SEASHELLS,9998.0,1,-2
28300,-,-,RAINFOREST_RESIN,SEASHELLS,9998.0,2,-2
28300,-,-,SQUID_INK,SEASHELLS,1994.0,1,-2
28600,-,-,RAINFOREST_RESIN,SEASHELLS,9998.0,1,-2
29400,-,-,KELP,SEASHELLS,2000.0,2,-2
29400,-,-,RAINFOREST_RESIN,SEASHELLS,10005.0,2,-2
29400,-,-,SQUID_INK,SEASHELLS,1995.0,2,-2
29500,-,-,RAINFOREST_RESIN,SEASHELLS,9998.0,3,-2
29500,-,-,RAINFOREST_RESIN,SEASHELLS,9998.0,2,-2
29900,-,-,KELP,SEASHELLS,1999.0,1,-2
29900,-,-,SQUID_INK,SEASHELLS,1992.0,1,-2
30300,-,-,KELP,SEASHELLS,1999.0,1,-2
30300,-,-,SQUID_INK,SEASHELLS,1988.0,1,-2
30400,-,-,KELP,SEASHELLS,1997.0,1,-2
30400,-,-,RAINFOREST_RESIN,SEASHELLS,10004.0,1,-2
30400,-,-,RAINFOREST_RESIN,SEASHELLS,10004.0,6,-2
30400,-,-,SQUID_INK,SEASHELLS,1986.0,1,-2
30900,-,-,KELP,SEASHELLS,1998.0,1,-2
30900,-,-,SQUID_INK,SEASHELLS,1984.0,1,-2
31000,-,-,KELP,SEASHELLS,1998.0,1,-2
31000,-,-,RAINFOREST_RESIN,SEASHELLS,9996.0,1,-2
31000,-,-,SQUID_INK,SEASHELLS,1985.0,1,-2
31200,-,-,KELP,SEASHELLS,1998.0,5,-2
31200,-,-,KELP,SEASHELLS,1998.0,1,-2
31200,-,-,SQUID_INK,SEASHELLS,1983.0,5,-2
31200,-,-,SQUID_INK,SEASHELLS,1983.0,1,-2
31300,-,-,KELP,SEASHELLS,2000.0,1,-2
31300,-,-,RAINFOREST_RESIN,SEASHELLS,9998.0,1,-2
31300,-,-,SQUID_INK,SEASHELLS,1984.0,1,-2
31400,-,-,KELP,SEASHELLS,2001.0,4,-2
31400,-,-,SQUID_INK,SEASHELLS,1986.0,2,-2
31400,-,-,SQUID_INK,SEASHELLS,1986.0,2,-2
31600,-,-,RAINFOREST_RESIN,SEASHELLS,10002.0,3,-2
31800,-,-,RAINFOREST_RESIN,SEASHELLS,10002.0,1,-2
32000,-,-,KELP,SEASHELLS,1997.0,1,-2
32000,-,-,SQUID_INK,SEASHELLS,1986.0,1,-2
32100,-,-,KELP,SEASHELLS,1997.0,1,-2
32100,-,-,RAINFOREST_RESIN,SEASHELLS,10002.0,4,-2
32100,-,-,SQUID_INK,SEASHELLS,1986.0,1,-2
32500,-,-,RAINFOREST_RESIN,SEASHELLS,10002.0,1,-2
32800,-,-,KELP,SEASHELLS,1997.0,9,-2
32800,-,-,KELP,SEASHELLS,1997.0,2,-2
32800,-,-,RAINFOREST_RESIN,SEASHELLS,9996.0,2,-2
32800,-,-,RAINFOREST_RESIN,SEASHELLS,9995.0,2,-2
32800,-,-,SQUID_INK,SEASHELLS,1989.0,9,-2
32800,-,-,SQUID_INK,SEASHELLS,1989.0,2,-2
33200,-,-,KELP,SEASHELLS,1997.0,1,-2
33200,-,-,SQUID_INK,SEASHELLS,1991.0,1,-2
33300,-,-,KELP,SEASHELLS,1999.0,1,-2
33300,-,-,KELP,SEASHELLS,1997.0,8,-2
33300,-,-,SQUID_INK,SEASHELLS,1993.0,1,-2
33300,-,-,SQUID_INK,SEASHELLS,1991.0,2,-2
33300,-,-,SQUID_INK,SEASHELLS,1991.0,6,-2
33500,-,-,RAINFOREST_RESIN,SEASHELLS,10002.0,3,-2
33900,-,-,KELP,SEASHELLS,1999.0,1,-2
33900,-,-,SQUID_INK,SEASHELLS,1995.0,1,-2
34000,-,-,KELP,SEASHELLS,1999.0,1,-2
34000,-,-,RAINFOREST_RESIN,SEASHELLS,9998.0,1,-2
34000,-,-,SQUID_INK,SEASHELLS,1995.0,1,-2
34100,-,-,RAINFOREST_RESIN,SEASHELLS,10002.0,1,-2
34900,-,-,KELP,SEASHELLS,1997.0,1,-2
34900,-,-,SQUID_INK,SEASHELLS,1991.0,1,-2
35000,-,-,KELP,SEASHELLS,1998.0,4,-2
35000,-,-,SQUID_INK,SEASHELLS,1991.0,4,-2
35300,-,-,KELP,SEASHELLS,1997.0,1,-2
35300,-,-,SQUID_INK,SEASHELLS,1992.0,1,-2
35600,-,-,RAINFOREST_RESIN,SEASHELLS,10002.0,1,-2
35700,-,-,KELP,SEASHELLS,1998.0,1,-2
35700,-,-,SQUID_INK,SEASHELLS,1990.0,1,-2
35800,-,-,KELP,SEASHELLS,1998.0,1,-2
35800,-,-,SQUID_INK,SEASHELLS,1991.0,1,-2
36200,-,-,KELP,SEASHELLS,1998.0,2,-2
36200,-,-,KELP,SEASHELLS,1998.0,1,-2
36200,-,-,SQUID_INK,SEASHELLS,1990.0,3,-2
36300,-,-,KELP,SEASHELLS,2001.0,1,-2
36300,-,-,RAINFOREST_RESIN,SEASHELLS,10005.0,1,-2
36300,-,-,SQUID_INK,SEASHELLS,1992.0,1,-2
36500,-,-,RAINFOREST_RESIN,SEASHELLS,10005.0,4,-2
36800,-,-,KELP,SEASHELLS,1998.0,1,-2
36800,-,-,SQUID_INK,SEASHELLS,1990.0,1,-2
37200,-,-,KELP,SEASHELLS,2001.0,10,-2
37200,-,-,SQUID_INK,SEASHELLS,1993.0,10,-2
37300,-,-,KELP,SEASHELLS,1997.0,1,-2
37300,-,-,SQUID_INK,SEASHELLS,1990.0,1,-2
37400,-,-,RAINFOREST_RESIN,SEASHELLS,10002.0,1,-2
37900,-,-,RAINFOREST_RESIN,SEASHELLS,9995.0,4,-2
38000,-,-,KELP,SEASHELLS,1997.0,11,-2
38000,-,-,SQUID_INK,SEASHELLS,1991.0,11,-2
38400,-,-,RAINFOREST_RESIN,SEASHELLS,10004.0,2,-2
38500,-,-,KELP,SEASHELLS,1999.0,1,-2
38500,-,-,RAINFOREST_RESIN,SEASHELLS,10002.0,6,-2
38500,-,-,SQUID_INK,SEASHELLS,1993.0,1,-2
38800,-,-,KELP,SEASHELLS,1997.0,5,-2
38800,-,-,SQUID_INK,SEASHELLS,1991.0,5,-2
38900,-,-,KELP,SEASHELLS,1997.0,1,-2
38900,-,-,KELP,SEASHELLS,1997.0,2,-2
38900,-,-,RAINFOREST_RESIN,SEASHELLS,9995.0,2,-2
38900,-,-,SQUID_INK,SEASHELLS,1990.0,1,-2
38900,-,-,SQUID_INK,SEASHELLS,1990.0,2,-2
39100,-,-,RAINFOREST_RESIN,SEASHELLS,10002.0,5,-2
39300,-,-,KELP,SEASHELLS,1997.0,1,-2
39300,-,-,RAINFOREST_RESIN,SEASHELLS,9996.0,1,-2
39300,-,-,SQUID_INK,SEASHELLS,1988.0,1,-2
39400,-,-,KELP,SEASHELLS,1997.0,1,-2
39400,-,-,SQUID_INK,SEASHELLS,1989.0,1,-2
39500,-,-,KELP,SEASHELLS,1999.0,1,-2
39500,-,-,SQUID_INK,SEASHELLS,1991.0,1,-2
39800,-,-,KELP,SEASHELLS,1998.0,4,-2
39800,-,-,SQUID_INK,SEASHELLS,1989.0,4,-2
40100,-,-,KELP,SEASHELLS,1997.0,9,-2
40100,-,-,SQUID_INK,SEASHELLS,1988.0,9,-2
40200,-,-,KELP,SEASHELLS,1999.0,5,-2
40200,-,-,SQUID_INK,SEASHELLS,1990.0,5,-2
40300,-,-,KELP,SEASHELLS,1997.0,2,-2
40300,-,-,SQUID_INK,SEASHELLS,1989.0,2,-2
40600,-,-,KELP,SEASHELLS,1997.0,1,-2
40600,-,-,SQUID_INK,SEASHELLS,1988.0,1,-2
40700,-,-,SQUID_INK,SEASHELLS,1990.0,3,-2
40900,-,-,KELP,SEASHELLS,1998.0,3,-2
40900,-,-,SQUID_INK,SEASHELLS,1989.0,3,-2
41100,-,-,KELP,SEASHELLS,1997.0,1,-2
41100,-,-,KELP,SEASHELLS,1999.0,9,-2
41100,-,-,SQUID_INK,SEASHELLS,1989.0,1,-2
41100,-,-,SQUID_INK,SEASHELLS,1991.0,9,-2
41500,-,-,RAINFOREST_RESIN,SEASHELLS,10002.0,1,-2
41500,-,-,RAINFOREST_RESIN,SEASHELLS,10000.0,2,-2
41600,-,-,KELP,SEASHELLS,1996.0,1,-2
41600,-,-,RAINFOREST_RESIN,SEASHELLS,9995.0,1,-2
41600,-,-,SQUID_INK,SEASHELLS,1986.0,1,-2
42300,-,-,KELP,SEASHELLS,1998.0,4,-2
42300,-,-,KELP,SEASHELLS,2000.0,11,-2
42900,-,-,KELP,SEASHELLS,1999.0,1,-2
42900,-,-,RAINFOREST_RESIN,SEASHELLS,10002.0,1,-2
42900,-,-,SQUID_INK,SEASHELLS,1988.0,1,-2
43100,-,-,KELP,SEASHELLS,1997.0,14,-2
43100,-,-,KELP,SEASHELLS,1999.0,2,-2
43100,-,-,RAINFOREST_RESIN,SEASHELLS,10005.0,2,-2
43100,-,-,SQUID_INK,SEASHELLS,1984.0,14,-2
43100,-,-,SQUID_INK,SEASHELLS,1986.0,2,-2
43400,-,-,RAINFOREST_RESIN,SEASHELLS,10002.0,1,-2
43500,-,-,KELP,SEASHELLS,1998.0,1,-2
43500,-,-,SQUID_INK,SEASHELLS,1985.0,1,-2
43700,-,-,RAINFOREST_RESIN,SEASHELLS,9998.0,1,-2
43900,-,-,KELP,SEASHELLS,1998.0,1,-2
43900,-,-,KELP,SEASHELLS,2001.0,2,-2
43900,-,-,RAINFOREST_RESIN,SEASHELLS,10004.0,2,-2
43900,-,-,SQUID_INK,SEASHELLS,1988.0,1,-2
43900,-,-,SQUID_INK,SEASHELLS,1992.0,2,-2
44000,-,-,RAINFOREST_RESIN,SEASHELLS,9998.0,1,-2
44700,-,-,KELP,SEASHELLS,2000.0,1,-2
44700,-,-,SQUID_INK,SEASHELLS,1992.0,1,-2
44800,-,-,RAINFOREST_RESIN,SEASHELLS,9996.0,1,-2
45000,-,-,KELP,SEASHELLS,1998.0,1,-2
45000,-,-,SQUID_INK,SEASHELLS,1989.0,1,-2
45100,-,-,KELP,SEASHELLS,1998.0,1,-2
45100,-,-,RAINFOREST_RESIN,SEASHELLS,9996.0,1,-2
45100,-,-,SQUID_INK,SEASHELLS,1988.0,1,-2
45800,-,-,RAINFOREST_RESIN,SEASHELLS,9996.0,1,-2
45800,-,-,RAINFOREST_RESIN,SEASHELLS,9996.0,10,-2
46200,-,-,RAINFOREST_RESIN,SEASHELLS,9998.0,1,-2
46200,-,-,SQUID_INK,SEASHELLS,1991.0,3,-2
46300,-,-,KELP,SEASHELLS,1999.0,1,-2
46300,-,-,RAINFOREST_RESIN,SEASHELLS,9995.0,1,-2
46300,-,-,SQUID_INK,SEASHELLS,1990.0,1,-2
46800,-,-,KELP,SEASHELLS,1998.0,1,-2
46800,-,-,KELP,SEASHELLS,1998.0,2,-2
46800,-,-,RAINFOREST_RESIN,SEASHELLS,9996.0,1,-2
46800,-,-,SQUID_INK,SEASHELLS,1991.0,1,-2
46800,-,-,SQUID_INK,SEASHELLS,1991.0,2,-2
47200,-,-,KELP,SEASHELLS,2000.0,1,-2
47200,-,-,SQUID_INK,SEASHELLS,1993.0,1,-2
47300,-,-,KELP,SEASHELLS,1998.0,8,-2
47300,-,-,SQUID_INK,SEASHELLS,1989.0,8,-2
47400,-,-,KELP,SEASHELLS,1998.0,1,-2
47400,-,-,SQUID_INK,SEASHELLS,1990.0,1,-2
47700,-,-,KELP,SEASHELLS,1998.0,1,-2
47700,-,-,SQUID_INK,SEASHELLS,1989.0,1,-2
48300,-,-,KELP,SEASHELLS,1998.0,1,-2
48300,-,-,RAINFOREST_RESIN,SEASHELLS,9995.0,1,-2
48300,-,-,SQUID_INK,SEASHELLS,1988.0,1,-2
48600,-,-,KELP,SEASHELLS,1998.0,1,-2
48600,-,-,KELP,SEASHELLS,2000.0,1,-2
48600,-,-,RAINFOREST_RESIN,SEASHELLS,10004.0,1,-2
48600,-,-,SQUID_INK,SEASHELLS,1991.0,1,-2
48600,-,-,SQUID_INK,SEASHELLS,1993.0,1,-2
48700,-,-,KELP,SEASHELLS,1998.0,1,-2
48700,-,-,SQUID_INK,SEASHELLS,1990.0,1,-2
48900,-,-,KELP,SEASHELLS,1998.0,1,-2
48900,-,-,SQUID_INK,SEASHELLS,1991.0,1,-2
49300,-,-,KELP,SEASHELLS,2001.0,1,-2
49300,-,-,RAINFOREST_RESIN,SEASHELLS,10005.0,1,-2
49300,-,-,SQUID_INK,SEASHELLS,1993.0,1,-2
49400,-,-,KELP,SEASHELLS,1998.0,1,-2
49400,-,-,SQUID_INK,SEASHELLS,1990.0,1,-2
49700,-,-,KELP,SEASHELLS,1998.0,2,-2
49700,-,-,RAINFOREST_RESIN,SEASHELLS,9995.0,2,-2
49700,-,-,SQUID_INK,SEASHELLS,1991.0,2,-2
49900,-,-,KELP,SEASHELLS,1998.0,1,-2
49900,-,-,SQUID_INK,SEASHELLS,1991.0,1,-2
50000,-,-,KELP,SEASHELLS,1999.0,5,-2
50000,-,-,SQUID_INK,SEASHELLS,1991.0,5,-2
50200,-,-,KELP,SEASHELLS,1998.0,1,-2
50200,-,-,RAINFOREST_RESIN,SEASHELLS,9996.0,1,-2
50200,-,-,SQUID_INK,SEASHELLS,1991.0,1,-2
50300,-,-,KELP,SEASHELLS,1998.0,1,-2
50300,-,-,SQUID_INK,SEASHELLS,1991.0,1,-2
50400,-,-,KELP,SEASHELLS,1999.0,2,-2
50400,-,-,RAINFOREST_RESIN,SEASHELLS,9996.0,2,-2
50400,-,-,SQUID_INK,SEASHELLS,1990.0,2,-2
50900,-,-,KELP,SEASHELLS,1999.0,3,-2
50900,-,-,RAINFOREST_RESIN,SEASHELLS,9996.0,2,-2
50900,-,-,SQUID_INK,SEASHELLS,1983.0,3,-2
51000,-,-,KELP,SEASHELLS,1999.0,1,-2
51000,-,-,RAINFOREST_RESIN,SEASHELLS,9998.0,1,-2
51000,-,-,SQUID_INK,SEASHELLS,1983.0,1,-2
51300,-,-,KELP,SEASHELLS,2001.0,1,-2
51300,-,-,SQUID_INK,SEASHELLS,1986.0,1,-2
51600,-,-,KELP,SEASHELLS,2001.0,1,-2
51600,-,-,RAINFOREST_RESIN,SEASHELLS,10002.0,1,-2
51600,-,-,SQUID_INK,SEASHELLS,1985.0,1,-2
51900,-,-,RAINFOREST_RESIN,SEASHELLS,10002.0,2,-2
52000,-,-,RAINFOREST_RESIN,SEASHELLS,9998.0,2,-2
52200,-,-,KELP,SEASHELLS,1999.0,1,-2
52200,-,-,SQUID_INK,SEASHELLS,1987.0,1,-2
52300,-,-,KELP,SEASHELLS,1999.0,1,-2
52300,-,-,SQUID_INK,SEASHELLS,1988.0,1,-2
52700,-,-,RAINFOREST_RESIN,SEASHELLS,10002.0,3,-2
53000,-,-,RAINFOREST_RESIN,SEASHELLS,9998.0,1,-2
53200,-,-,RAINFOREST_RESIN,SEASHELLS,10002.0,1,-2
53300,-,-,RAINFOREST_RESIN,SEASHELLS,9998.0,2,-2
53600,-,-,KELP,SEASHELLS,2000.0,1,-2
53600,-,-,RAINFOREST_RESIN,SEASHELLS,9998.0,1,-2
53600,-,-,SQUID_INK,SEASHELLS,1986.0,1,-2
53700,-,-,KELP,SEASHELLS,2003.0,2,-2
53700,-,-,RAINFOREST_RESIN,SEASHELLS,10004.0,2,-2
53700,-,-,SQUID_INK,SEASHELLS,1988.0,2,-2
53900,-,-,RAINFOREST_RESIN,SEASHELLS,10002.0,1,-2
54300,-,-,KELP,SEASHELLS,2001.0,2,-2
54300,-,-,KELP,SEASHELLS,2001.0,9,-2
54300,-,-,RAINFOREST_RESIN,SEASHELLS,9998.0,1,-2
54300,-,-,SQUID_INK,SEASHELLS,1986.0,11,-2
54600,-,-,KELP,SEASHELLS,2000.0,1,-2
54600,-,-,RAINFOREST_RESIN,SEASHELLS,9996.0,1,-2
54600,-,-,RAINFOREST_RESIN,SEASHELLS,9996.0,5,-2
54600,-,-,SQUID_INK,SEASHELLS,1987.0,1,-2
54700,-,-,KELP,SEASHELLS,2002.0,1,-2
54700,-,-,SQUID_INK,SEASHELLS,1990.0,1,-2
54900,-,-,RAINFOREST_RESIN,SEASHELLS,10002.0,3,-2
55200,-,-,KELP,SEASHELLS,2003.0,1,-2
55200,-,-,SQUID_INK,SEASHELLS,1991.0,1,-2
55600,-,-,KELP,SEASHELLS,2001.0,1,-2
55600,-,-,SQUID_INK,SEASHELLS,1991.0,1,-2
56100,-,-,KELP,SEASHELLS,2004.0,14,-2
56100,-,-,KELP,SEASHELLS,2004.0,1,-2
56100,-,-,RAINFOREST_RESIN,SEASHELLS,10004.0,1,-2
56100,-,-,SQUID_INK,SEASHELLS,1994.0,14,-2
56100,-,-,SQUID_INK,SEASHELLS,1994.0,1,-2
56300,-,-,KELP,SEASHELLS,2001.0,1,-2
56300,-,-,SQUID_INK,SEASHELLS,1991.0,1,-2
56500,-,-,KELP,SEASHELLS,2001.0,1,-2
56500,-,-,RAINFOREST_RESIN,SEASHELLS,9998.0,1,-2
56500,-,-,SQUID_INK,SEASHELLS,1991.0,1,-2
56700,-,-,RAINFOREST_RESIN,SEASHELLS,10002.0,1,-2
57000,-,-,KELP,SEASHELLS,2004.0,1,-2
57000,-,-,RAINFOREST_RESIN,SEASHELLS,10004.0,1,-2
57000,-,-,SQUID_INK,SEASHELLS,1993.0,1,-2
57100,-,-,KELP,SEASHELLS,2001.0,3,-2
57100,-,-,RAINFOREST_RESIN,SEASHELLS,10002.0,1,-2
57100,-,-,SQUID_INK,SEASHELLS,1990.0,3,-2
57200,-,-,KELP,SEASHELLS,2001.0,4,-2
57200,-,-,RAINFOREST_RESIN,SEASHELLS,10002.0,1,-2
57200,-,-,SQUID_INK,SEASHELLS,1991.0,4,-2
57300,-,-,RAINFOREST_RESIN,SEASHELLS,10002.0,1,-2
57400,-,-,KELP,SEASHELLS,2003.0,1,-2
57400,-,-,SQUID_INK,SEASHELLS,1993.0,1,-2
57700,-,-,KELP,SEASHELLS,2001.0,2,-2
57700,-,-,RAINFOREST_RESIN,SEASHELLS,10002.0,2,-2
57700,-,-,SQUID_INK,SEASHELLS,1992.0,2,-2
57800,-,-,KELP,SEASHELLS,2001.0,1,-2
57800,-,-,SQUID_INK,SEASHELLS,1991.0,1,-2
58300,-,-,KELP,SEASHELLS,2004.0,1,-2
58300,-,-,SQUID_INK,SEASHELLS,1993.0,1,-2
58400,-,-,RAINFOREST_RESIN,SEASHELLS,9996.0,1,-2
58600,-,-,RAINFOREST_RESIN,SEASHELLS,9998.0,1,-2
58800,-,-,KELP,SEASHELLS,2002.0,1,-2
58800,-,-,KELP,SEASHELLS,2002.0,5,-2
58800,-,-,SQUID_INK,SEASHELLS,1993.0,1,-2
58800,-,-,SQUID_INK,SEASHELLS,1993.0,5,-2
59000,-,-,KELP,SEASHELLS,2005.0,10,-2
59000,-,-,SQUID_INK,SEASHELLS,1996.0,10,-2
59500,-,-,RAINFOREST_RESIN,SEASHELLS,10005.0,4,-2
59700,-,-,RAINFOREST_RESIN,SEASHELLS,10002.0,6,-2
59800,-,-,SQUID_INK,SEASHELLS,1991.0,5,-2
59900,-,-,KELP,SEASHELLS,2003.0,1,-2
60000,-,-,SQUID_INK,SEASHELLS,1992.0,1,-2
60200,-,-,KELP,SEASHELLS,2002.0,2,-2
60200,-,-,RAINFOREST_RESIN,SEASHELLS,9996.0,1,-2
60200,-,-,RAINFOREST_RESIN,SEASHELLS,9996.0,1,-2
60200,-,-,SQUID_INK,SEASHELLS,1986.0,2,-2
60300,-,-,RAINFOREST_RESIN,SEASHELLS,9996.0,2,-2
60300,-,-,RAINFOREST_RESIN,SEASHELLS,9996.0,6,-2
60400,-,-,RAINFOREST_RESIN,SEASHELLS,9998.0,1,-2
60500,-,-,KELP,SEASHELLS,2002.0,3,-2
60500,-,-,RAINFOREST_RESIN,SEASHELLS,9998.0,1,-2
60500,-,-,SQUID_INK,SEASHELLS,1988.0,3,-2
60600,-,-,KELP,SEASHELLS,2002.0,1,-2
60600,-,-,SQUID_INK,SEASHELLS,1988.0,1,-2
61100,-,-,KELP,SEASHELLS,2005.0,2,-2
61100,-,-,RAINFOREST_RESIN,SEASHELLS,10005.0,2,-2
61100,-,-,RAINFOREST_RESIN,SEASHELLS,10002.0,1,-2
61100,-,-,SQUID_INK,SEASHELLS,1991.0,2,-2
61300,-,-,KELP,SEASHELLS,2004.0,1,-2
61300,-,-,SQUID_INK,SEASHELLS,1989.0,1,-2
62300,-,-,KELP,SEASHELLS,2004.0,1,-2
62300,-,-,RAINFOREST_RESIN,SEASHELLS,10004.0,1,-2
62300,-,-,SQUID_INK,SEASHELLS,2000.0,1,-2
62600,-,-,KELP,SEASHELLS,2003.0,1,-2
62600,-,-,SQUID_INK,SEASHELLS,2002.0,1,-2
62900,-,-,KELP,SEASHELLS,2005.0,6,-2
62900,-,-,KELP,SEASHELLS,2005.0,1,-2
62900,-,-,SQUID_INK,SEASHELLS,2005.0,6,-2
62900,-,-,SQUID_INK,SEASHELLS,2005.0,1,-2
63000,-,-,KELP,SEASHELLS,2003.0,10,-2
63000,-,-,KELP,SEASHELLS,2004.0,6,-2
63000,-,-,SQUID_INK,SEASHELLS,2002.0,1,-2
63000,-,-,SQUID_INK,SEASHELLS,2002.0,9,-2
63200,-,-,KELP,SEASHELLS,2004.0,1,-2
63200,-,-,RAINFOREST_RESIN,SEASHELLS,9998.0,1,-2
63200,-,-,SQUID_INK,SEASHELLS,2001.0,1,-2
63300,-,-,KELP,SEASHELLS,2007.0,2,-2
63300,-,-,RAINFOREST_RESIN,SEASHELLS,9998.0,1,-2
63300,-,-,SQUID_INK,SEASHELLS,2005.0,2,-2
63500,-,-,RAINFOREST_RESIN,SEASHELLS,9998.0,6,-2
63700,-,-,RAINFOREST_RESIN,SEASHELLS,9996.0,1,-2
63800,-,-,KELP,SEASHELLS,2003.0,9,-2
63800,-,-,SQUID_INK,SEASHELLS,2003.0,9,-2
64200,-,-,KELP,SEASHELLS,2003.0,2,-2
64200,-,-,RAINFOREST_RESIN,SEASHELLS,9995.0,2,-2
64200,-,-,SQUID_INK,SEASHELLS,2000.0,2,-2
64500,-,-,KELP,SEASHELLS,2006.0,2,-2
64500,-,-,RAINFOREST_RESIN,SEASHELLS,10002.0,1,-2
64500,-,-,RAINFOREST_RESIN,SEASHELLS,10005.0,2,-2
64500,-,-,SQUID_INK,SEASHELLS,2004.0,2,-2
64600,-,-,KELP,SEASHELLS,2005.0,1,-2
64600,-,-,SQUID_INK,SEASHELLS,2003.0,1,-2
64900,-,-,RAINFOREST_RESIN,SEASHELLS,10005.0,2,-2
65300,-,-,RAINFOREST_RESIN,SEASHELLS,9998.0,1,-2
65300,-,-,RAINFOREST_RESIN,SEASHELLS,10000.0,2,-2
65400,-,-,KELP,SEASHELLS,2003.0,1,-2
65400,-,-,SQUID_INK,SEASHELLS,2001.0,1,-2
65500,-,-,RAINFOREST_RESIN,SEASHELLS,9998.0,1,-2
65600,-,-,KELP,SEASHELLS,2004.0,1,-2
65600,-,-,RAINFOREST_RESIN,SEASHELLS,9995.0,1,-2
65600,-,-,SQUID_INK,SEASHELLS,2003.0,1,-2
65800,-,-,KELP,SEASHELLS,2004.0,1,-2
65800,-,-,RAINFOREST_RESIN,SEASHELLS,9996.0,1,-2
65800,-,-,SQUID_INK,SEASHELLS,2003.0,1,-2
65900,-,-,RAINFOREST_RESIN,SEASHELLS,9998.0,1,-2
66000,-,-,RAINFOREST_RESIN,SEASHELLS,9998.0,1,-2
66200,-,-,KELP,SEASHELLS,2004.0,8,-2
66200,-,-,SQUID_INK,SEASHELLS,2003.0,8,-2
66700,-,-,RAINFOREST_RESIN,SEASHELLS,9998.0,2,-2
67000,-,-,KELP,SEASHELLS,2003.0,1,-2
67000,-,-,SQUID_INK,SEASHELLS,2004.0,1,-2
67200,-,-,KELP,SEASHELLS,2005.0,1,-2
67200,-,-,SQUID_INK,SEASHELLS,2007.0,1,-2
67400,-,-,KELP,SEASHELLS,2003.0,2,-2
67400,-,-,RAINFOREST_RESIN,SEASHELLS,9996.0,1,-2
67400,-,-,SQUID_INK,SEASHELLS,2005.0,2,-2
67700,-,-,KELP,SEASHELLS,2005.0,4,-2
67900,-,-,KELP,SEASHELLS,2003.0,2,-2
67900,-,-,RAINFOREST_RESIN,SEASHELLS,9998.0,2,-2
67900,-,-,SQUID_INK,SEASHELLS,2005.0,2,-2
68000,-,-,KELP,SEASHELLS,2003.0,1,-2
68000,-,-,RAINFOREST_RESIN,SEASHELLS,10005.0,3,-2
68000,-,-,RAINFOREST_RESIN,SEASHELLS,10002.0,5,-2
68000,-,-,SQUID_INK,SEASHELLS,2004.0,1,-2
68100,-,-,RAINFOREST_RESIN,SEASHELLS,10002.0,1,-2
68200,-,-,KELP,SEASHELLS,2005.0,1,-2
68200,-,-,SQUID_INK,SEASHELLS,2005.0,1,-2
68300,-,-,KELP,SEASHELLS,2003.0,1,-2
68300,-,-,SQUID_INK,SEASHELLS,2003.0,1,-2
68500,-,-,RAINFOREST_RESIN,SEASHELLS,10002.0,1,-2
68600,-,-,KELP,SEASHELLS,2003.0,1,-2
68600,-,-,KELP,SEASHELLS,2003.0,4,-2
68600,-,-,SQUID_INK,SEASHELLS,2003.0,1,-2
68600,-,-,SQUID_INK,SEASHELLS,2003.0,4,-2
68900,-,-,KELP,SEASHELLS,2005.0,1,-2
68900,-,-,RAINFOREST_RESIN,SEASHELLS,10002.0,1,-2
68900,-,-,SQUID_INK,SEASHELLS,2005.0,1,-2
69000,-,-,KELP,SEASHELLS,2002.0,9,-2
69000,-,-,SQUID_INK,SEASHELLS,2002.0,9,-2
69300,-,-,KELP,SEASHELLS,2006.0,2,-2
69300,-,-,RAINFOREST_RESIN,SEASHELLS,10005.0,2,-2
69300,-,-,SQUID_INK,SEASHELLS,2007.0,2,-2
69400,-,-,KELP,SEASHELLS,2005.0,1,-2
69400,-,-,SQUID_INK,SEASHELLS,2006.0,1,-2
69600,-,-,KELP,SEASHELLS,2002.0,1,-2
69600,-,-,KELP,SEASHELLS,2002.0,8,-2
69600,-,-,SQUID_INK,SEASHELLS,2005.0,1,-2
69600,-,-,SQUID_INK,SEASHELLS,2005.0,1,-2
69600,-,-,SQUID_INK,SEASHELLS,2005.0,7,-2
70400,-,-,KELP,SEASHELLS,2002.0,1,-2
70400,-,-,KELP,SEASHELLS,2003.0,8,-2
70400,-,-,SQUID_INK,SEASHELLS,2003.0,1,-2
70400,-,-,SQUID_INK,SEASHELLS,2003.0,8,-2
71400,-,-,KELP,SEASHELLS,2002.0,1,-2
71400,-,-,SQUID_INK,SEASHELLS,2006.0,1,-2
71600,-,-,RAINFOREST_RESIN,SEASHELLS,9995.0,10,-2
71900,-,-,KELP,SEASHELLS,2003.0,2,-2
72100,-,-,KELP,SEASHELLS,2005.0,9,-2
72600,-,-,KELP,SEASHELLS,2005.0,1,-2
72600,-,-,SQUID_INK,SEASHELLS,2006.0,1,-2
73900,-,-,KELP,SEASHELLS,2002.0,1,-2
73900,-,-,SQUID_INK,SEASHELLS,2003.0,1,-2
74100,-,-,RAINFOREST_RESIN,SEASHELLS,10002.0,1,-2
74400,-,-,KELP,SEASHELLS,2005.0,1,-2
74400,-,-,RAINFOREST_RESIN,SEASHELLS,10004.0,1,-2
74400,-,-,SQUID_INK,SEASHELLS,2005.0,2,-2
74900,-,-,RAINFOREST_RESIN,SEASHELLS,10002.0,1,-2
75000,-,-,KELP,SEASHELLS,2002.0,9,-2
75000,-,-,KELP,SEASHELLS,2002.0,10,-2
75000,-,-,SQUID_INK,SEASHELLS,2001.0,9,-2
75000,-,-,SQUID_INK,SEASHELLS,2001.0,10,-2
75200,-,-,KELP,SEASHELLS,2002.0,1,-2
75200,-,-,RAINFOREST_RESIN,SEASHELLS,9996.0,1,-2
75200,-,-,SQUID_INK,SEASHELLS,2002.0,1,-2
75500,-,-,KELP,SEASHELLS,2002.0,1,-2
75500,-,-,SQUID_INK,SEASHELLS,1999.0,1,-2
76400,-,-,KELP,SEASHELLS,2002.0,1,-2
76400,-,-,KELP,SEASHELLS,2003.0,3,-2
76400,-,-,RAINFOREST_RESIN,SEASHELLS,10002.0,1,-2
76400,-,-,SQUID_INK,SEASHELLS,1998.0,1,-2
76400,-,-,SQUID_INK,SEASHELLS,1999.0,3,-2
77400,-,-,KELP,SEASHELLS,2003.0,6,-2
77400,-,-,SQUID_INK,SEASHELLS,2000.0,6,-2
77700,-,-,RAINFOREST_RESIN,SEASHELLS,9998.0,5,-2
77800,-,-,KELP,SEASHELLS,2003.0,1,-2
77800,-,-,KELP,SEASHELLS,2003.0,4,-2
77800,-,-,SQUID_INK,SEASHELLS,1999.0,1,-2
77800,-,-,SQUID_INK,SEASHELLS,1999.0,4,-2
78000,-,-,RAINFOREST_RESIN,SEASHELLS,10002.0,2,-2
78300,-,-,KELP,SEASHELLS,2003.0,2,-2
78300,-,-,RAINFOREST_RESIN,SEASHELLS,9995.0,2,-2
78300,-,-,SQUID_INK,SEASHELLS,1997.0,2,-2
78600,-,-,KELP,SEASHELLS,2002.0,1,-2
78600,-,-,SQUID_INK,SEASHELLS,1999.0,1,-2
78800,-,-,KELP,SEASHELLS,2002.0,1,-2
78800,-,-,SQUID_INK,SEASHELLS,1999.0,1,-2
79000,-,-,KELP,SEASHELLS,2005.0,2,-2
79000,-,-,RAINFOREST_RESIN,SEASHELLS,10004.0,1,-2
79000,-,-,RAINFOREST_RESIN,SEASHELLS,10005.0,2,-2
79000,-,-,SQUID_INK,SEASHELLS,2003.0,2,-2
79500,-,-,RAINFOREST_RESIN,SEASHELLS,10002.0,1,-2
79800,-,-,KELP,SEASHELLS,2002.0,4,-2
79800,-,-,SQUID_INK,SEASHELLS,2001.0,4,-2
80100,-,-,SQUID_INK,SEASHELLS,1995.0,1,-2
80300,-,-,RAINFOREST_RESIN,SEASHELLS,10002.0,1,-2
80500,-,-,KELP,SEASHELLS,2002.0,1,-2
80500,-,-,SQUID_INK,SEASHELLS,1993.0,1,-2
80800,-,-,RAINFOREST_RESIN,SEASHELLS,10002.0,1,-2
80900,-,-,KELP,SEASHELLS,2002.0,1,-2
80900,-,-,SQUID_INK,SEASHELLS,1994.0,1,-2
81300,-,-,KELP,SEASHELLS,2005.0,1,-2
81300,-,-,RAINFOREST_RESIN,SEASHELLS,9998.0,1,-2
81300,-,-,SQUID_INK,SEASHELLS,1996.0,1,-2
81700,-,-,RAINFOREST_RESIN,SEASHELLS,10002.0,1,-2
81800,-,-,KELP,SEASHELLS,2003.0,1,-2
81800,-,-,RAINFOREST_RESIN,SEASHELLS,9998.0,1,-2
81800,-,-,SQUID_INK,SEASHELLS,1993.0,1,-2
81900,-,-,KELP,SEASHELLS,2004.0,4,-2
81900,-,-,SQUID_INK,SEASHELLS,1995.0,4,-2
82100,-,-,KELP,SEASHELLS,2003.0,1,-2
82100,-,-,SQUID_INK,SEASHELLS,1993.0,1,-2
82300,-,-,RAINFOREST_RESIN,SEASHELLS,10004.0,1,-2
82400,-,-,KELP,SEASHELLS,2003.0,4,-2
82400,-,-,SQUID_INK,SEASHELLS,1993.0,4,-2
82600,-,-,KELP,SEASHELLS,2003.0,1,-2
82600,-,-,SQUID_INK,SEASHELLS,1993.0,1,-2
83200,-,-,KELP,SEASHELLS,2003.0,2,-2
83200,-,-,RAINFOREST_RESIN,SEASHELLS,9996.0,1,-2
83200,-,-,RAINFOREST_RESIN,SEASHELLS,9996.0,1,-2
83200,-,-,SQUID_INK,SEASHELLS,1993.0,2,-2
83300,-,-,KELP,SEASHELLS,2003.0,15,-2
83300,-,-,SQUID_INK,SEASHELLS,1992.0,15,-2
83400,-,-,KELP,SEASHELLS,2005.0,3,-2
83400,-,-,SQUID_INK,SEASHELLS,1994.0,3,-2
83700,-,-,RAINFOREST_RESIN,SEASHELLS,10004.0,1,-2
84000,-,-,KELP,SEASHELLS,2005.0,4,-2
84000,-,-,SQUID_INK,SEASHELLS,1998.0,4,-2
84200,-,-,KELP,SEASHELLS,2005.0,1,-2
84200,-,-,SQUID_INK,SEASHELLS,1999.0,1,-2
84600,-,-,KELP,SEASHELLS,2005.0,2,-2
84600,-,-,RAINFOREST_RESIN,SEASHELLS,10004.0,2,-2
84600,-,-,SQUID_INK,SEASHELLS,2000.0,2,-2
84700,-,-,KELP,SEASHELLS,2004.0,1,-2
84700,-,-,SQUID_INK,SEASHELLS,2000.0,1,-2
84800,-,-,KELP,SEASHELLS,2005.0,5,-2
84800,-,-,SQUID_INK,SEASHELLS,2000.0,1,-2
85000,-,-,RAINFOREST_RESIN,SEASHELLS,9998.0,5,-2
85700,-,-,KELP,SEASHELLS,2002.0,2,-2
85700,-,-,RAINFOREST_RESIN,SEASHELLS,10005.0,4,-2
85700,-,-,RAINFOREST_RESIN,SEASHELLS,9995.0,2,-2
85700,-,-,SQUID_INK,SEASHELLS,1996.0,2,-2
85900,-,-,KELP,SEASHELLS,2002.0,1,-2
85900,-,-,RAINFOREST_RESIN,SEASHELLS,9998.0,2,-2
85900,-,-,SQUID_INK,SEASHELLS,1997.0,1,-2
86000,-,-,KELP,SEASHELLS,2002.0,1,-2
86000,-,-,KELP,SEASHELLS,2005.0,1,-2
86000,-,-,RAINFOREST_RESIN,SEASHELLS,10002.0,1,-2
86000,-,-,SQUID_INK,SEASHELLS,1999.0,1,-2
86300,-,-,KELP,SEASHELLS,2002.0,1,-2
86300,-,-,RAINFOREST_RESIN,SEASHELLS,9998.0,1,-2
86300,-,-,SQUID_INK,SEASHELLS,1998.0,1,-2
86500,-,-,RAINFOREST_RESIN,SEASHELLS,10002.0,1,-2
87200,-,-,KELP,SEASHELLS,2002.0,1,-2
87200,-,-,SQUID_INK,SEASHELLS,1999.0,1,-2
87900,-,-,RAINFOREST_RESIN,SEASHELLS,10002.0,4,-2
88300,-,-,RAINFOREST_RESIN,SEASHELLS,10004.0,2,-2
88500,-,-,KELP,SEASHELLS,2002.0,10,-2
88500,-,-,RAINFOREST_RESIN,SEASHELLS,10002.0,5,-2
88500,-,-,SQUID_INK,SEASHELLS,1996.0,10,-2
88600,-,-,KELP,SEASHELLS,2003.0,4,-2
88600,-,-,RAINFOREST_RESIN,SEASHELLS,9998.0,1,-2
88600,-,-,SQUID_INK,SEASHELLS,1997.0,4,-2
88800,-,-,KELP,SEASHELLS,2003.0,5,-2
88800,-,-,KELP,SEASHELLS,2003.0,4,-2
88800,-,-,SQUID_INK,SEASHELLS,1994.0,5,-2
88800,-,-,SQUID_INK,SEASHELLS,1995.0,4,-2
88900,-,-,KELP,SEASHELLS,2005.0,1,-2
89100,-,-,KELP,SEASHELLS,2003.0,1,-2
89100,-,-,KELP,SEASHELLS,2003.0,2,-2
89100,-,-,SQUID_INK,SEASHELLS,1994.0,1,-2
89100,-,-,SQUID_INK,SEASHELLS,1994.0,2,-2
89400,-,-,KELP,SEASHELLS,2004.0,4,-2
89400,-,-,SQUID_INK,SEASHELLS,1995.0,1,-2
90000,-,-,KELP,SEASHELLS,2002.0,1,-2
90000,-,-,SQUID_INK,SEASHELLS,1992.0,1,-2
90100,-,-,KELP,SEASHELLS,2005.0,1,-2
90100,-,-,RAINFOREST_RESIN,SEASHELLS,10004.0,1,-2
90100,-,-,SQUID_INK,SEASHELLS,1995.0,1,-2
90200,-,-,KELP,SEASHELLS,2002.0,4,-2
90200,-,-,SQUID_INK,SEASHELLS,1992.0,4,-2
90400,-,-,SQUID_INK,SEASHELLS,1994.0,5,-2
90700,-,-,RAINFOREST_RESIN,SEASHELLS,10002.0,6,-2
90800,-,-,KELP,SEASHELLS,2003.0,3,-2
90800,-,-,SQUID_INK,SEASHELLS,1995.0,3,-2
91000,-,-,KELP,SEASHELLS,2002.0,1,-2
91000,-,-,RAINFOREST_RESIN,SEASHELLS,9998.0,1,-2
91000,-,-,SQUID_INK,SEASHELLS,1993.0,1,-2
91400,-,-,RAINFOREST_RESIN,SEASHELLS,10002.0,1,-2
91500,-,-,KELP,SEASHELLS,2005.0,1,-2
91500,-,-,KELP,SEASHELLS,2005.0,4,-2
91500,-,-,SQUID_INK,SEASHELLS,1991.0,1,-2
91500,-,-,SQUID_INK,SEASHELLS,1991.0,4,-2
91900,-,-,KELP,SEASHELLS,2003.0,1,-2
91900,-,-,RAINFOREST_RESIN,SEASHELLS,10002.0,1,-2
91900,-,-,SQUID_INK,SEASHELLS,1990.0,1,-2
92300,-,-,KELP,SEASHELLS,2003.0,1,-2
92300,-,-,KELP,SEASHELLS,2003.0,1,-2
92300,-,-,RAINFOREST_RESIN,SEASHELLS,9996.0,1,-2
92300,-,-,SQUID_INK,SEASHELLS,1990.0,1,-2
92300,-,-,SQUID_INK,SEASHELLS,1990.0,1,-2
92400,-,-,KELP,SEASHELLS,2005.0,2,-2
92500,-,-,KELP,SEASHELLS,2003.0,1,-2
92500,-,-,SQUID_INK,SEASHELLS,1989.0,1,-2
92600,-,-,KELP,SEASHELLS,2003.0,1,-2
92600,-,-,SQUID_INK,SEASHELLS,1988.0,1,-2
93000,-,-,RAINFOREST_RESIN,SEASHELLS,10002.0,1,-2
93100,-,-,KELP,SEASHELLS,2005.0,2,-2
93100,-,-,KELP,SEASHELLS,2005.0,2,-2
93100,-,-,RAINFOREST_RESIN,SEASHELLS,9998.0,1,-2
93300,-,-,KELP,SEASHELLS,2003.0,1,-2
93300,-,-,RAINFOREST_RESIN,SEASHELLS,9998.0,1,-2
93300,-,-,SQUID_INK,SEASHELLS,1995.0,1,-2
93500,-,-,RAINFOREST_RESIN,SEASHELLS,9998.0,1,-2
93700,-,-,RAINFOREST_RESIN,SEASHELLS,10002.0,1,-2
93900,-,-,RAINFOREST_RESIN,SEASHELLS,9998.0,1,-2
94300,-,-,KELP,SEASHELLS,2002.0,1,-2
94400,-,-,KELP,SEASHELLS,2002.0,1,-2
94400,-,-,SQUID_INK,SEASHELLS,1997.0,1,-2
94500,-,-,KELP,SEASHELLS,2002.0,1,-2
94500,-,-,SQUID_INK,SEASHELLS,1997.0,1,-2
94700,-,-,RAINFOREST_RESIN,SEASHELLS,9996.0,2,-2
94700,-,-,RAINFOREST_RESIN,SEASHELLS,9996.0,9,-2
94800,-,-,RAINFOREST_RESIN,SEASHELLS,10002.0,4,-2
95100,-,-,KELP,SEASHELLS,2002.0,2,-2
95100,-,-,RAINFOREST_RESIN,SEASHELLS,9996.0,2,-2
95100,-,-,SQUID_INK,SEASHELLS,1997.0,2,-2
95300,-,-,KELP,SEASHELLS,2002.0,1,-2
95300,-,-,RAINFOREST_RESIN,SEASHELLS,10002.0,1,-2
95300,-,-,SQUID_INK,SEASHELLS,1996.0,1,-2
95600,-,-,KELP,SEASHELLS,2004.0,1,-2
95600,-,-,SQUID_INK,SEASHELLS,1999.0,1,-2
95800,-,-,KELP,SEASHELLS,2002.0,1,-2
95800,-,-,SQUID_INK,SEASHELLS,1994.0,1,-2
95900,-,-,KELP,SEASHELLS,2004.0,1,-2
95900,-,-,RAINFOREST_RESIN,SEASHELLS,10002.0,5,-2
95900,-,-,RAINFOREST_RESIN,SEASHELLS,10002.0,3,-2
95900,-,-,SQUID_INK,SEASHELLS,1996.0,1,-2
96100,-,-,KELP,SEASHELLS,2002.0,1,-2
96100,-,-,RAINFOREST_RESIN,SEASHELLS,9995.0,1,-2
96100,-,-,SQUID_INK,SEASHELLS,1995.0,1,-2
96200,-,-,KELP,SEASHELLS,2002.0,1,-2
96200,-,-,SQUID_INK,SEASHELLS,1996.0,1,-2
96400,-,-,KELP,SEASHELLS,2002.0,9,-2
96400,-,-,RAINFOREST_RESIN,SEASHELLS,10002.0,3,-2
96400,-,-,SQUID_INK,SEASHELLS,1997.0,1,-2
96400,-,-,SQUID_INK,SEASHELLS,1997.0,8,-2
96500,-,-,KELP,SEASHELLS,2005.0,6,-2
96500,-,-,SQUID_INK,SEASHELLS,2000.0,6,-2
96800,-,-,SQUID_INK,SEASHELLS,1999.0,1,-2
96900,-,-,RAINFOREST_RESIN,SEASHELLS,10005.0,3,-2
97000,-,-,KELP,SEASHELLS,2001.0,2,-2
97000,-,-,SQUID_INK,SEASHELLS,1996.0,2,-2
97200,-,-,RAINFOREST_RESIN,SEASHELLS,10005.0,12,-2
97300,-,-,KELP,SEASHELLS,2004.0,1,-2
97300,-,-,RAINFOREST_RESIN,SEASHELLS,10004.0,1,-2
97300,-,-,SQUID_INK,SEASHELLS,1999.0,1,-2
97400,-,-,RAINFOREST_RESIN,SEASHELLS,9998.0,1,-2
97600,-,-,RAINFOREST_RESIN,SEASHELLS,9998.0,1,-2
97900,-,-,RAINFOREST_RESIN,SEASHELLS,10002.0,4,-2
98100,-,-,KELP,SEASHELLS,2003.0,1,-2
98100,-,-,RAINFOREST_RESIN,SEASHELLS,10002.0,1,-2
98200,-,-,KELP,SEASHELLS,2001.0,1,-2
98200,-,-,SQUID_INK,SEASHELLS,1996.0,1,-2
98300,-,-,KELP,SEASHELLS,2001.0,4,-2
98300,-,-,RAINFOREST_RESIN,SEASHELLS,9998.0,1,-2
98300,-,-,SQUID_INK,SEASHELLS,1996.0,4,-2
98400,-,-,KELP,SEASHELLS,2001.0,1,-2
98400,-,-,SQUID_INK,SEASHELLS,1996.0,1,-2
98500,-,-,KELP,SEASHELLS,2003.0,3,-2
98500,-,-,SQUID_INK,SEASHELLS,1998.0,3,-2
98700,-,-,KELP,SEASHELLS,2004.0,6,-2
98700,-,-,SQUID_INK,SEASHELLS,1999.0,6,-2
98800,-,-,KELP,SEASHELLS,2004.0,5,-2
98800,-,-,KELP,SEASHELLS,2001.0,1,-2
98800,-,-,RAINFOREST_RESIN,SEASHELLS,9996.0,1,-2
98800,-,-,SQUID_INK,SEASHELLS,2001.0,5,-2
98800,-,-,SQUID_INK,SEASHELLS,1998.0,1,-2
99000,-,-,RAINFOREST_RESIN,SEASHELLS,9998.0,1,-2
99300,-,-,KELP,SEASHELLS,2002.0,2,-2
99400,-,-,KELP,SEASHELLS,2004.0,8,-2
99400,-,-,SQUID_INK,SEASHELLS,2001.0,8,-2
100000,-,-,KELP,SEASHELLS,2001.0,14,-2
100000,-,-,SQUID_INK,SEASHELLS,1996.0,14,-2
100100,-,-,KELP,SEASHELLS,2001.0,1,-2
100100,-,-,RAINFOREST_RESIN,SEASHELLS,9998.0,1,-2
100100,-,-,SQUID_INK,SEASHELLS,1995.0,1,-2
100500,-,-,RAINFOREST_RESIN,SEASHELLS,9998.0,1,-2
101400,-,-,KELP,SEASHELLS,2001.0,8,-2
101400,-,-,SQUID_INK,SEASHELLS,1996.0,8,-2
102200,-,-,KELP,SEASHELLS,2005.0,2,-2
102200,-,-,RAINFOREST_RESIN,SEASHELLS,10004.0,2,-2
102200,-,-,SQUID_INK,SEASHELLS,2001.0,2,-2
102300,-,-,RAINFOREST_RESIN,SEASHELLS,10002.0,3,-2
102300,-,-,RAINFOREST_RESIN,SEASHELLS,10002.0,1,-2
102400,-,-,KELP,SEASHELLS,2002.0,1,-2
102400,-,-,SQUID_INK,SEASHELLS,1999.0,1,-2
102500,-,-,KELP,SEASHELLS,2004.0,1,-2
102500,-,-,RAINFOREST_RESIN,SEASHELLS,10002.0,1,-2
102500,-,-,SQUID_INK,SEASHELLS,2001.0,1,-2
102900,-,-,RAINFOREST_RESIN,SEASHELLS,9998.0,1,-2
103100,-,-,KELP,SEASHELLS,2001.0,2,-2
103100,-,-,RAINFOREST_RESIN,SEASHELLS,9995.0,2,-2
103100,-,-,SQUID_INK,SEASHELLS,1999.0,2,-2
103300,-,-,SQUID_INK,SEASHELLS,2003.0,2,-2
103600,-,-,KELP,SEASHELLS,2003.0,1,-2
103600,-,-,SQUID_INK,SEASHELLS,2003.0,1,-2
104000,-,-,RAINFOREST_RESIN,SEASHELLS,9998.0,1,-2
104100,-,-,KELP,SEASHELLS,2001.0,7,-2
104100,-,-,SQUID_INK,SEASHELLS,2000.0,7,-2
104200,-,-,RAINFOREST_RESIN,SEASHELLS,9998.0,1,-2
104200,-,-,RAINFOREST_RESIN,SEASHELLS,9998.0,2,-2
104300,-,-,RAINFOREST_RESIN,SEASHELLS,9998.0,2,-2
104400,-,-,KELP,SEASHELLS,2003.0,2,-2
104400,-,-,KELP,SEASHELLS,2003.0,3,-2
104400,-,-,RAINFOREST_RESIN,SEASHELLS,9995.0,2,-2
104400,-,-,RAINFOREST_RESIN,SEASHELLS,9998.0,1,-2
104400,-,-,SQUID_INK,SEASHELLS,2002.0,2,-2
104700,-,-,KELP,SEASHELLS,2001.0,1,-2
104700,-,-,RAINFOREST_RESIN,SEASHELLS,10002.0,1,-2
104700,-,-,SQUID_INK,SEASHELLS,2000.0,1,-2
104800,-,-,KELP,SEASHELLS,2001.0,1,-2
104800,-,-,SQUID_INK,SEASHELLS,2000.0,1,-2
105100,-,-,RAINFOREST_RESIN,SEASHELLS,10002.0,1,-2
105200,-,-,KELP,SEASHELLS,2001.0,1,-2
105200,-,-,SQUID_INK,SEASHELLS,1998.0,1,-2
105900,-,-,RAINFOREST_RESIN,SEASHELLS,10002.0,5,-2
106100,-,-,KELP,SEASHELLS,2004.0,8,-2
106100,-,-,SQUID_INK,SEASHELLS,2001.0,8,-2
106800,-,-,KELP,SEASHELLS,2004.0,2,-2
106800,-,-,RAINFOREST_RESIN,SEASHELLS,10005.0,2,-2
106800,-,-,SQUID_INK,SEASHELLS,2002.0,2,-2
106900,-,-,KELP,SEASHELLS,2001.0,2,-2
106900,-,-,KELP,SEASHELLS,2001.0,8,-2
106900,-,-,SQUID_INK,SEASHELLS,2000.0,10,-2
107200,-,-,RAINFOREST_RESIN,SEASHELLS,9995.0,4,-2
107500,-,-,KELP,SEASHELLS,2004.0,2,-2
107500,-,-,RAINFOREST_RESIN,SEASHELLS,10002.0,2,-2
107500,-,-,SQUID_INK,SEASHELLS,2002.0,2,-2
107700,-,-,KELP,SEASHELLS,2003.0,2,-2
107700,-,-,RAINFOREST_RESIN,SEASHELLS,10004.0,2,-2
107700,-,-,SQUID_INK,SEASHELLS,2001.0,2,-2
108000,-,-,RAINFOREST_RESIN,SEASHELLS,9998.0,6,-2
108000,-,-,RAINFOREST_RESIN,SEASHELLS,9998.0,5,-2
108100,-,-,KELP,SEASHELLS,2001.0,4,-2
108100,-,-,KELP,SEASHELLS,2001.0,2,-2
108100,-,-,SQUID_INK,SEASHELLS,1999.0,4,-2
108100,-,-,SQUID_INK,SEASHELLS,1999.0,5,-2
108300,-,-,RAINFOREST_RESIN,SEASHELLS,9998.0,1,-2
108400,-,-,KELP,SEASHELLS,2003.0,1,-2
108400,-,-,SQUID_INK,SEASHELLS,1999.0,1,-2
108600,-,-,KELP,SEASHELLS,2001.0,2,-2
108600,-,-,RAINFOREST_RESIN,SEASHELLS,10002.0,1,-2
108600,-,-,SQUID_INK,SEASHELLS,1998.0,2,-2
108700,-,-,RAINFOREST_RESIN,SEASHELLS,9995.0,10,-2
108800,-,-,KELP,SEASHELLS,2001.0,1,-2
108800,-,-,SQUID_INK,SEASHELLS,1998.0,1,-2
108900,-,-,KELP,SEASHELLS,2004.0,1,-2
108900,-,-,RAINFOREST_RESIN,SEASHELLS,10004.0,1,-2
108900,-,-,SQUID_INK,SEASHELLS,2000.0,1,-2
109100,-,-,RAINFOREST_RESIN,SEASHELLS,10002.0,2,-2
109400,-,-,SQUID_INK,SEASHELLS,1999.0,1,-2
109600,-,-,KELP,SEASHELLS,2003.0,1,-2
109600,-,-,SQUID_INK,SEASHELLS,2001.0,12,-2
109900,-,-,KELP,SEASHELLS,2002.0,1,-2
109900,-,-,RAINFOREST_RESIN,SEASHELLS,10005.0,1,-2
109900,-,-,SQUID_INK,SEASHELLS,2000.0,1,-2
110300,-,-,KELP,SEASHELLS,2000.0,8,-2
110300,-,-,SQUID_INK,SEASHELLS,1999.0,8,-2
111300,-,-,KELP,SEASHELLS,2002.0,1,-2
111300,-,-,RAINFOREST_RESIN,SEASHELLS,9995.0,1,-2
111300,-,-,SQUID_INK,SEASHELLS,2003.0,1,-2
111600,-,-,KELP,SEASHELLS,2001.0,1,-2
111600,-,-,KELP,SEASHELLS,2001.0,2,-2
111600,-,-,RAINFOREST_RESIN,SEASHELLS,9996.0,2,-2
111600,-,-,SQUID_INK,SEASHELLS,2001.0,1,-2
111600,-,-,SQUID_INK,SEASHELLS,2001.0,2,-2
112000,-,-,RAINFOREST_RESIN,SEASHELLS,10002.0,1,-2
112200,-,-,RAINFOREST_RESIN,SEASHELLS,10002.0,1,-2
112300,-,-,KELP,SEASHELLS,2001.0,1,-2
112300,-,-,SQUID_INK,SEASHELLS,1999.0,1,-2
112400,-,-,KELP,SEASHELLS,2003.0,1,-2
112400,-,-,SQUID_INK,SEASHELLS,2001.0,1,-2
112500,-,-,KELP,SEASHELLS,2001.0,1,-2
112500,-,-,RAINFOREST_RESIN,SEASHELLS,10002.0,1,-2
112500,-,-,SQUID_INK,SEASHELLS,1998.0,1,-2
113100,-,-,KELP,SEASHELLS,2003.0,1,-2
113100,-,-,SQUID_INK,SEASHELLS,2002.0,1,-2
113200,-,-,KELP,SEASHELLS,2001.0,1,-2
113200,-,-,SQUID_INK,SEASHELLS,1999.0,1,-2
113400,-,-,KELP,SEASHELLS,2003.0,2,-2
113400,-,-,RAINFOREST_RESIN,SEASHELLS,10004.0,1,-2
113400,-,-,SQUID_INK,SEASHELLS,2002.0,2,-2
113600,-,-,KELP,SEASHELLS,2001.0,1,-2
113600,-,-,SQUID_INK,SEASHELLS,1998.0,1,-2
113700,-,-,KELP,SEASHELLS,2003.0,1,-2
113700,-,-,SQUID_INK,SEASHELLS,2002.0,1,-2
113700,-,-,SQUID_INK,SEASHELLS,2001.0,1,-2
113800,-,-,KELP,SEASHELLS,2001.0,1,-2
113800,-,-,RAINFOREST_RESIN,SEASHELLS,9996.0,1,-2
113800,-,-,SQUID_INK,SEASHELLS,2000.0,1,-2
113900,-,-,KELP,SEASHELLS,2001.0,1,-2
113900,-,-,SQUID_INK,SEASHELLS,2001.0,1,-2
114300,-,-,KELP,SEASHELLS,2001.0,1,-2
114300,-,-,SQUID_INK,SEASHELLS,2000.0,1,-2
114700,-,-,RAINFOREST_RESIN,SEASHELLS,10005.0,12,-2
114700,-,-,RAINFOREST_RESIN,SEASHELLS,9995.0,4,-2
115000,-,-,KELP,SEASHELLS,2000.0,1,-2
115000,-,-,SQUID_INK,SEASHELLS,1999.0,1,-2
115200,-,-,KELP,SEASHELLS,2000.0,1,-2
115200,-,-,SQUID_INK,SEASHELLS,2000.0,1,-2
115300,-,-,KELP,SEASHELLS,2002.0,1,-2
115300,-,-,SQUID_INK,SEASHELLS,2001.0,1,-2
115600,-,-,KELP,SEASHELLS,2001.0,3,-2
115600,-,-,RAINFOREST_RESIN,SEASHELLS,9998.0,1,-2
115600,-,-,SQUID_INK,SEASHELLS,1999.0,3,-2
115800,-,-,KELP,SEASHELLS,2002.0,1,-2
115800,-,-,RAINFOREST_RESIN,SEASHELLS,9998.0,1,-2
116600,-,-,KELP,SEASHELLS,2001.0,3,-2
116600,-,-,SQUID_INK,SEASHELLS,2000.0,3,-2
116700,-,-,KELP,SEASHELLS,2002.0,1,-2
116700,-,-,SQUID_INK,SEASHELLS,2002.0,1,-2
116900,-,-,KELP,SEASHELLS,2001.0,5,-2
116900,-,-,SQUID_INK,SEASHELLS,2001.0,5,-2
117700,-,-,KELP,SEASHELLS,2003.0,1,-2
117700,-,-,SQUID_INK,SEASHELLS,2003.0,1,-2
118000,-,-,KELP,SEASHELLS,2001.0,1,-2
118000,-,-,RAINFOREST_RESIN,SEASHELLS,9995.0,1,-2
118000,-,-,SQUID_INK,SEASHELLS,2002.0,1,-2
118300,-,-,KELP,SEASHELLS,2002.0,2,-2
118600,-,-,KELP,SEASHELLS,2001.0,1,-2
118600,-,-,SQUID_INK,SEASHELLS,2001.0,1,-2
119000,-,-,KELP,SEASHELLS,2003.0,1,-2
119000,-,-,SQUID_INK,SEASHELLS,2003.0,1,-2
119300,-,-,KELP,SEASHELLS,2004.0,1,-2
119300,-,-,RAINFOREST_RESIN,SEASHELLS,10002.0,1,-2
119300,-,-,SQUID_INK,SEASHELLS,2004.0,1,-2
119500,-,-,KELP,SEASHELLS,2001.0,1,-2
119500,-,-,SQUID_INK,SEASHELLS,2001.0,1,-2
119700,-,-,KELP,SEASHELLS,2001.0,1,-2
119700,-,-,SQUID_INK,SEASHELLS,2001.0,1,-2
120200,-,-,KELP,SEASHELLS,2001.0,1,-2
120200,-,-,RAINFOREST_RESIN,SEASHELLS,10002.0,1,-2
120500,-,-,RAINFOREST_RESIN,SEASHELLS,9998.0,3,-2
120700,-,-,KELP,SEASHELLS,2001.0,1,-2
120700,-,-,SQUID_INK,SEASHELLS,2000.0,1,-2
120800,-,-,KELP,SEASHELLS,2003.0,1,-2
120800,-,-,RAINFOREST_RESIN,SEASHELLS,10000.0,2,-2
120800,-,-,SQUID_INK,SEASHELLS,2000.0,1,-2
120900,-,-,RAINFOREST_RESIN,SEASHELLS,9998.0,1,-2
121300,-,-,KELP,SEASHELLS,2004.0,9,-2
121300,-,-,SQUID_INK,SEASHELLS,1999.0,9,-2
121800,-,-,RAINFOREST_RESIN,SEASHELLS,9998.0,2,-2
122000,-,-,KELP,SEASHELLS,2000.0,9,-2
122000,-,-,SQUID_INK,SEASHELLS,1994.0,9,-2
122300,-,-,RAINFOREST_RESIN,SEASHELLS,10004.0,2,-2
122300,-,-,RAINFOREST_RESIN,SEASHELLS,10004.0,3,-2
122700,-,-,KELP,SEASHELLS,2001.0,1,-2
122700,-,-,SQUID_INK,SEASHELLS,1997.0,1,-2
123000,-,-,KELP,SEASHELLS,2001.0,1,-2
123000,-,-,RAINFOREST_RESIN,SEASHELLS,9998.0,1,-2
123000,-,-,SQUID_INK,SEASHELLS,1997.0,1,-2
123100,-,-,KELP,SEASHELLS,2001.0,5,-2
123100,-,-,KELP,SEASHELLS,2001.0,1,-2
123100,-,-,SQUID_INK,SEASHELLS,1998.0,1,-2
123200,-,-,KELP,SEASHELLS,2003.0,1,-2
123200,-,-,SQUID_INK,SEASHELLS,2000.0,1,-2
123300,-,-,KELP,SEASHELLS,2003.0,9,-2
124000,-,-,KELP,SEASHELLS,2003.0,1,-2
124000,-,-,SQUID_INK,SEASHELLS,2003.0,1,-2
124400,-,-,RAINFOREST_RESIN,SEASHELLS,10002.0,1,-2
124500,-,-,RAINFOREST_RESIN,SEASHELLS,9995.0,5,-2
124600,-,-,SQUID_INK,SEASHELLS,2000.0,3,-2
124700,-,-,RAINFOREST_RESIN,SEASHELLS,9998.0,1,-2
124900,-,-,KELP,SEASHELLS,2004.0,2,-2
124900,-,-,RAINFOREST_RESIN,SEASHELLS,10002.0,2,-2
124900,-,-,SQUID_INK,SEASHELLS,2002.0,2,-2
125100,-,-,KELP,SEASHELLS,2001.0,1,-2
125100,-,-,RAINFOREST_RESIN,SEASHELLS,9998.0,1,-2
125100,-,-,SQUID_INK,SEASHELLS,2000.0,1,-2
125200,-,-,KELP,SEASHELLS,2003.0,1,-2
125200,-,-,RAINFOREST_RESIN,SEASHELLS,10004.0,1,-2
125200,-,-,SQUID_INK,SEASHELLS,2001.0,1,-2
125300,-,-,KELP,SEASHELLS,2004.0,2,-2
125300,-,-,RAINFOREST_RESIN,SEASHELLS,10005.0,2,-2
125300,-,-,SQUID_INK,SEASHELLS,2001.0,2,-2
125400,-,-,KELP,SEASHELLS,2001.0,2,-2
125400,-,-,RAINFOREST_RESIN,SEASHELLS,9996.0,2,-2
125400,-,-,SQUID_INK,SEASHELLS,1998.0,2,-2
126200,-,-,KELP,SEASHELLS,2001.0,2,-2
126200,-,-,SQUID_INK,SEASHELLS,2000.0,2,-2
126400,-,-,RAINFOREST_RESIN,SEASHELLS,9996.0,1,-2
126400,-,-,RAINFOREST_RESIN,SEASHELLS,9996.0,3,-2
126500,-,-,RAINFOREST_RESIN,SEASHELLS,9998.0,4,-2
127000,-,-,RAINFOREST_RESIN,SEASHELLS,9995.0,12,-2
127200,-,-,RAINFOREST_RESIN,SEASHELLS,10002.0,2,-2
127300,-,-,KELP,SEASHELLS,2001.0,1,-2
127300,-,-,KELP,SEASHELLS,2001.0,6,-2
127300,-,-,SQUID_INK,SEASHELLS,2002.0,1,-2
127300,-,-,SQUID_INK,SEASHELLS,2002.0,6,-2
127400,-,-,RAINFOREST_RESIN,SEASHELLS,10002.0,1,-2
127600,-,-,KELP,SEASHELLS,2001.0,1,-2
127800,-,-,RAINFOREST_RESIN,SEASHELLS,10004.0,2,-2
127900,-,-,RAINFOREST_RESIN,SEASHELLS,10002.0,1,-2
128400,-,-,KELP,SEASHELLS,2001.0,9,-2
128900,-,-,KELP,SEASHELLS,2003.0,3,-2
129200,-,-,KELP,SEASHELLS,2001.0,2,-2
129200,-,-,RAINFOREST_RESIN,SEASHELLS,9995.0,2,-2
129200,-,-,SQUID_INK,SEASHELLS,1999.0,2,-2
129600,-,-,KELP,SEASHELLS,2003.0,1,-2
129600,-,-,SQUID_INK,SEASHELLS,1999.0,1,-2
129700,-,-,KELP,SEASHELLS,2001.0,1,-2
129700,-,-,KELP,SEASHELLS,2001.0,1,-2
129700,-,-,RAINFOREST_RESIN,SEASHELLS,9995.0,1,-2
129700,-,-,SQUID_INK,SEASHELLS,1996.0,1,-2
129800,-,-,KELP,SEASHELLS,2001.0,1,-2
129800,-,-,SQUID_INK,SEASHELLS,1997.0,1,-2
130100,-,-,RAINFOREST_RESIN,SEASHELLS,10002.0,1,-2
130100,-,-,RAINFOREST_RESIN,SEASHELLS,10002.0,4,-2
130200,-,-,KELP,SEASHELLS,2001.0,1,-2
130200,-,-,SQUID_INK,SEASHELLS,1997.0,1,-2
130300,-,-,KELP,SEASHELLS,2001.0,1,-2
130300,-,-,RAINFOREST_RESIN,SEASHELLS,9998.0,3,-2
130300,-,-,SQUID_INK,SEASHELLS,1997.0,1,-2
130400,-,-,KELP,SEASHELLS,2001.0,1,-2
130400,-,-,SQUID_INK,SEASHELLS,1997.0,1,-2
130500,-,-,KELP,SEASHELLS,2004.0,12,-2
130500,-,-,RAINFOREST_RESIN,SEASHELLS,9998.0,3,-2
130500,-,-,SQUID_INK,SEASHELLS,1999.0,12,-2
131100,-,-,KELP,SEASHELLS,2001.0,5,-2
131100,-,-,KELP,SEASHELLS,2001.0,1,-2
131100,-,-,SQUID_INK,SEASHELLS,1995.0,5,-2
131100,-,-,SQUID_INK,SEASHELLS,1995.0,1,-2
131200,-,-,RAINFOREST_RESIN,SEASHELLS,9998.0,1,-2
131400,-,-,RAINFOREST_RESIN,SEASHELLS,9998.0,3,-2
131600,-,-,RAINFOREST_RESIN,SEASHELLS,9998.0,1,-2
132000,-,-,KELP,SEASHELLS,2004.0,1,-2
132000,-,-,RAINFOREST_RESIN,SEASHELLS,10004.0,1,-2
132000,-,-,SQUID_INK,SEASHELLS,2000.0,1,-2
132100,-,-,KELP,SEASHELLS,2001.0,7,-2
132100,-,-,RAINFOREST_RESIN,SEASHELLS,9998.0,5,-2
132100,-,-,SQUID_INK,SEASHELLS,1997.0,1,-2
132300,-,-,KELP,SEASHELLS,2002.0,1,-2
132300,-,-,RAINFOREST_RESIN,SEASHELLS,10000.0,1,-2
132300,-,-,SQUID_INK,SEASHELLS,1998.0,1,-2
132700,-,-,KELP,SEASHELLS,2002.0,3,-2
132700,-,-,RAINFOREST_RESIN,SEASHELLS,10004.0,1,-2
132700,-,-,RAINFOREST_RESIN,SEASHELLS,10004.0,9,-2
132700,-,-,SQUID_INK,SEASHELLS,1999.0,3,-2
133400,-,-,KELP,SEASHELLS,2005.0,1,-2
133400,-,-,RAINFOREST_RESIN,SEASHELLS,10004.0,1,-2
133400,-,-,SQUID_INK,SEASHELLS,2000.0,1,-2
133700,-,-,KELP,SEASHELLS,2005.0,1,-2
133700,-,-,RAINFOREST_RESIN,SEASHELLS,10004.0,1,-2
133700,-,-,SQUID_INK,SEASHELLS,2000.0,1,-2
134100,-,-,KELP,SEASHELLS,2004.0,1,-2
134100,-,-,KELP,SEASHELLS,2004.0,9,-2
134100,-,-,SQUID_INK,SEASHELLS,1998.0,1,-2
134200,-,-,KELP,SEASHELLS,2002.0,2,-2
134200,-,-,SQUID_INK,SEASHELLS,1995.0,1,-2
134200,-,-,SQUID_INK,SEASHELLS,1995.0,1,-2
134700,-,-,KELP,SEASHELLS,2005.0,1,-2
134700,-,-,RAINFOREST_RESIN,SEASHELLS,10004.0,1,-2
134700,-,-,SQUID_INK,SEASHELLS,1996.0,1,-2
134800,-,-,RAINFOREST_RESIN,SEASHELLS,10004.0,2,-2
134900,-,-,RAINFOREST_RESIN,SEASHELLS,10002.0,1,-2
135200,-,-,KELP,SEASHELLS,2002.0,15,-2
135200,-,-,SQUID_INK,SEASHELLS,1990.0,15,-2
135300,-,-,KELP,SEASHELLS,2002.0,1,-2
135300,-,-,SQUID_INK,SEASHELLS,1987.0,1,-2
135600,-,-,KELP,SEASHELLS,2002.0,1,-2
135600,-,-,SQUID_INK,SEASHELLS,1985.0,1,-2
136500,-,-,KELP,SEASHELLS,2002.0,1,-2
136500,-,-,KELP,SEASHELLS,2005.0,2,-2
136500,-,-,RAINFOREST_RESIN,SEASHELLS,10005.0,2,-2
136500,-,-,SQUID_INK,SEASHELLS,1986.0,1,-2
136500,-,-,SQUID_INK,SEASHELLS,1989.0,2,-2
136800,-,-,RAINFOREST_RESIN,SEASHELLS,9998.0,2,-2
136900,-,-,KELP,SEASHELLS,2002.0,1,-2
136900,-,-,SQUID_INK,SEASHELLS,1987.0,1,-2
137000,-,-,KELP,SEASHELLS,2006.0,9,-2
137000,-,-,SQUID_INK,SEASHELLS,1988.0,9,-2
137700,-,-,RAINFOREST_RESIN,SEASHELLS,10004.0,1,-2
139100,-,-,RAINFOREST_RESIN,SEASHELLS,9998.0,5,-2
139400,-,-,RAINFOREST_RESIN,SEASHELLS,9996.0,1,-2
139400,-,-,RAINFOREST_RESIN,SEASHELLS,9996.0,2,-2
140400,-,-,KELP,SEASHELLS,2005.0,1,-2
140400,-,-,SQUID_INK,SEASHELLS,1990.0,1,-2
140700,-,-,RAINFOREST_RESIN,SEASHELLS,9998.0,2,-2
140800,-,-,KELP,SEASHELLS,2003.0,1,-2
140800,-,-,SQUID_INK,SEASHELLS,1985.0,1,-2
140900,-,-,SQUID_INK,SEASHELLS,1984.0,1,-2
141100,-,-,RAINFOREST_RESIN,SEASHELLS,9998.0,1,-2
141200,-,-,KELP,SEASHELLS,2002.0,11,-2
141200,-,-,SQUID_INK,SEASHELLS,1986.0,11,-2
141400,-,-,KELP,SEASHELLS,2005.0,1,-2
141400,-,-,SQUID_INK,SEASHELLS,1985.0,1,-2
141600,-,-,KELP,SEASHELLS,2005.0,1,-2
141600,-,-,KELP,SEASHELLS,2004.0,2,-2
141600,-,-,SQUID_INK,SEASHELLS,1987.0,1,-2
142000,-,-,KELP,SEASHELLS,2002.0,11,-2
142000,-,-,RAINFOREST_RESIN,SEASHELLS,9996.0,1,-2
142000,-,-,SQUID_INK,SEASHELLS,1985.0,11,-2
142400,-,-,KELP,SEASHELLS,2006.0,1,-2
142400,-,-,RAINFOREST_RESIN,SEASHELLS,10004.0,1,-2
142400,-,-,SQUID_INK,SEASHELLS,1989.0,1,-2
142800,-,-,KELP,SEASHELLS,2006.0,13,-2
142800,-,-,KELP,SEASHELLS,2005.0,4,-2
142800,-,-,KELP,SEASHELLS,2005.0,1,-2
142800,-,-,SQUID_INK,SEASHELLS,1986.0,13,-2
142800,-,-,SQUID_INK,SEASHELLS,1985.0,1,-2
143100,-,-,KELP,SEASHELLS,2003.0,2,-2
143100,-,-,RAINFOREST_RESIN,SEASHELLS,9995.0,2,-2
143100,-,-,SQUID_INK,SEASHELLS,1985.0,2,-2
143200,-,-,KELP,SEASHELLS,2003.0,1,-2
143200,-,-,RAINFOREST_RESIN,SEASHELLS,9995.0,1,-2
143200,-,-,RAINFOREST_RESIN,SEASHELLS,9998.0,1,-2
143200,-,-,SQUID_INK,SEASHELLS,1983.0,1,-2
143300,-,-,KELP,SEASHELLS,2003.0,1,-2
143300,-,-,SQUID_INK,SEASHELLS,1986.0,1,-2
143800,-,-,KELP,SEASHELLS,2003.0,1,-2
143800,-,-,RAINFOREST_RESIN,SEASHELLS,9998.0,1,-2
143800,-,-,SQUID_INK,SEASHELLS,1987.0,1,-2
144100,-,-,RAINFOREST_RESIN,SEASHELLS,10002.0,1,-2
144200,-,-,KELP,SEASHELLS,2006.0,2,-2
144200,-,-,RAINFOREST_RESIN,SEASHELLS,10004.0,1,-2
144200,-,-,SQUID_INK,SEASHELLS,1982.0,2,-2
144600,-,-,RAINFOREST_RESIN,SEASHELLS,9998.0,3,-2
144800,-,-,KELP,SEASHELLS,2004.0,1,-2
144800,-,-,SQUID_INK,SEASHELLS,1984.0,1,-2
144900,-,-,RAINFOREST_RESIN,SEASHELLS,10002.0,1,-2
145800,-,-,RAINFOREST_RESIN,SEASHELLS,9998.0,3,-2
145800,-,-,SQUID_INK,SEASHELLS,1979.0,1,-2
145900,-,-,KELP,SEASHELLS,2005.0,1,-2
145900,-,-,KELP,SEASHELLS,2004.0,1,-2
145900,-,-,RAINFOREST_RESIN,SEASHELLS,10004.0,1,-2
145900,-,-,SQUID_INK,SEASHELLS,1974.0,1,-2
145900,-,-,SQUID_INK,SEASHELLS,1973.0,1,-2
146000,-,-,KELP,SEASHELLS,2004.0,1,-2
146000,-,-,SQUID_INK,SEASHELLS,1970.0,1,-2
146200,-,-,KELP,SEASHELLS,2002.0,10,-2
146200,-,-,SQUID_INK,SEASHELLS,1964.0,10,-2
146300,-,-,KELP,SEASHELLS,2005.0,2,-2
146300,-,-,RAINFOREST_RESIN,SEASHELLS,10005.0,2,-2
146300,-,-,SQUID_INK,SEASHELLS,1967.0,2,-2
146700,-,-,RAINFOREST_RESIN,SEASHELLS,10005.0,5,-2
146900,-,-,KELP,SEASHELLS,2002.0,1,-2
146900,-,-,KELP,SEASHELLS,2003.0,3,-2
146900,-,-,RAINFOREST_RESIN,SEASHELLS,10004.0,2,-2
146900,-,-,RAINFOREST_RESIN,SEASHELLS,10004.0,8,-2
146900,-,-,SQUID_INK,SEASHELLS,1970.0,3,-2
146900,-,-,SQUID_INK,SEASHELLS,1970.0,1,-2
147000,-,-,KELP,SEASHELLS,2005.0,8,-2
147000,-,-,SQUID_INK,SEASHELLS,1972.0,8,-2
147100,-,-,KELP,SEASHELLS,2002.0,4,-2
147100,-,-,SQUID_INK,SEASHELLS,1969.0,4,-2
147300,-,-,KELP,SEASHELLS,2002.0,1,-2
147300,-,-,SQUID_INK,SEASHELLS,1970.0,1,-2
147400,-,-,KELP,SEASHELLS,2002.0,1,-2
147400,-,-,RAINFOREST_RESIN,SEASHELLS,9995.0,1,-2
147400,-,-,SQUID_INK,SEASHELLS,1972.0,1,-2
147800,-,-,KELP,SEASHELLS,2004.0,1,-2
147800,-,-,RAINFOREST_RESIN,SEASHELLS,9998.0,1,-2
147800,-,-,SQUID_INK,SEASHELLS,1979.0,1,-2
148000,-,-,KELP,SEASHELLS,2003.0,1,-2
148000,-,-,RAINFOREST_RESIN,SEASHELLS,9998.0,1,-2
148000,-,-,RAINFOREST_RESIN,SEASHELLS,10000.0,1,-2
148000,-,-,SQUID_INK,SEASHELLS,1978.0,1,-2
148100,-,-,KELP,SEASHELLS,2002.0,3,-2
148100,-,-,SQUID_INK,SEASHELLS,1977.0,3,-2
148200,-,-,KELP,SEASHELLS,2004.0,1,-2
148200,-,-,RAINFOREST_RESIN,SEASHELLS,9995.0,2,-2
148200,-,-,SQUID_INK,SEASHELLS,1980.0,1,-2
148300,-,-,KELP,SEASHELLS,2002.0,10,-2
148300,-,-,SQUID_INK,SEASHELLS,1978.0,10,-2
148500,-,-,KELP,SEASHELLS,2004.0,1,-2
148500,-,-,SQUID_INK,SEASHELLS,1979.0,1,-2
148700,-,-,KELP,SEASHELLS,2002.0,1,-2
148700,-,-,SQUID_INK,SEASHELLS,1981.0,1,-2
148800,-,-,KELP,SEASHELLS,2002.0,9,-2
148800,-,-,SQUID_INK,SEASHELLS,1980.0,9,-2
149000,-,-,KELP,SEASHELLS,2002.0,2,-2
149000,-,-,SQUID_INK,SEASHELLS,1980.0,2,-2
149400,-,-,KELP,SEASHELLS,2003.0,3,-2
149400,-,-,SQUID_INK,SEASHELLS,1980.0,3,-2
149600,-,-,KELP,SEASHELLS,2002.0,3,-2
150000,-,-,KELP,SEASHELLS,2003.0,1,-2
150000,-,-,SQUID_INK,SEASHELLS,1982.0,1,-2
150000,-,-,SQUID_INK,SEASHELLS,1982.0,1,-2
150100,-,-,KELP,SEASHELLS,2004.0,1,-2
150100,-,-,RAINFOREST_RESIN,SEASHELLS,10004.0,1,-2
150100,-,-,SQUID_INK,SEASHELLS,1981.0,1,-2
150200,-,-,KELP,SEASHELLS,2004.0,1,-2
150200,-,-,SQUID_INK,SEASHELLS,1982.0,1,-2
150300,-,-,KELP,SEASHELLS,2001.0,1,-2
150300,-,-,RAINFOREST_RESIN,SEASHELLS,9996.0,1,-2
150300,-,-,SQUID_INK,SEASHELLS,1980.0,1,-2
150800,-,-,KELP,SEASHELLS,2003.0,2,-2
150800,-,-,SQUID_INK,SEASHELLS,1980.0,2,-2
151400,-,-,KELP,SEASHELLS,2001.0,1,-2
151400,-,-,RAINFOREST_RESIN,SEASHELLS,10002.0,1,-2
151400,-,-,SQUID_INK,SEASHELLS,1976.0,1,-2
151900,-,-,SQUID_INK,SEASHELLS,1977.0,1,-2
152000,-,-,RAINFOREST_RESIN,SEASHELLS,10002.0,6,-2
152100,-,-,KELP,SEASHELLS,2005.0,2,-2
152100,-,-,RAINFOREST_RESIN,SEASHELLS,10004.0,2,-2
152100,-,-,SQUID_INK,SEASHELLS,1981.0,2,-2
152300,-,-,KELP,SEASHELLS,2001.0,1,-2
152300,-,-,SQUID_INK,SEASHELLS,1975.0,1,-2
152800,-,-,SQUID_INK,SEASHELLS,1978.0,3,-2
153200,-,-,RAINFOREST_RESIN,SEASHELLS,9995.0,5,-2
153400,-,-,KELP,SEASHELLS,2003.0,2,-2
153400,-,-,SQUID_INK,SEASHELLS,1978.0,2,-2
153500,-,-,KELP,SEASHELLS,2005.0,1,-2
153500,-,-,RAINFOREST_RESIN,SEASHELLS,10002.0,1,-2
153500,-,-,SQUID_INK,SEASHELLS,1979.0,1,-2
153600,-,-,KELP,SEASHELLS,2002.0,1,-2
153600,-,-,SQUID_INK,SEASHELLS,1976.0,1,-2
153700,-,-,RAINFOREST_RESIN,SEASHELLS,9998.0,1,-2
153900,-,-,KELP,SEASHELLS,2002.0,1,-2
153900,-,-,SQUID_INK,SEASHELLS,1977.0,1,-2
154000,-,-,KELP,SEASHELLS,2002.0,10,-2
154000,-,-,SQUID_INK,SEASHELLS,1977.0,10,-2
154100,-,-,RAINFOREST_RESIN,SEASHELLS,9998.0,2,-2
154400,-,-,RAINFOREST_RESIN,SEASHELLS,10002.0,2,-2
154600,-,-,RAINFOREST_RESIN,SEASHELLS,10002.0,1,-2
154700,-,-,KELP,SEASHELLS,2002.0,1,-2
154700,-,-,SQUID_INK,SEASHELLS,1976.0,1,-2
154800,-,-,KELP,SEASHELLS,2002.0,1,-2
154800,-,-,SQUID_INK,SEASHELLS,1977.0,1,-2
155200,-,-,RAINFOREST_RESIN,SEASHELLS,10002.0,1,-2
155600,-,-,KELP,SEASHELLS,2005.0,1,-2
155600,-,-,RAINFOREST_RESIN,SEASHELLS,9998.0,1,-2
155600,-,-,SQUID_INK,SEASHELLS,1983.0,1,-2
155700,-,-,RAINFOREST_RESIN,SEASHELLS,10002.0,1,-2
156200,-,-,KELP,SEASHELLS,2002.0,5,-2
156200,-,-,SQUID_INK,SEASHELLS,1979.0,1,-2
156200,-,-,SQUID_INK,SEASHELLS,1979.0,4,-2
156400,-,-,KELP,SEASHELLS,2004.0,7,-2
156400,-,-,SQUID_INK,SEASHELLS,1982.0,7,-2
156500,-,-,RAINFOREST_RESIN,SEASHELLS,10002.0,1,-2
156700,-,-,KELP,SEASHELLS,2004.0,2,-2
156700,-,-,RAINFOREST_RESIN,SEASHELLS,10004.0,2,-2
156700,-,-,SQUID_INK,SEASHELLS,1982.0,2,-2
157000,-,-,KELP,SEASHELLS,2004.0,11,-2
157000,-,-,SQUID_INK,SEASHELLS,1982.0,11,-2
157400,-,-,KELP,SEASHELLS,2001.0,1,-2
157400,-,-,RAINFOREST_RESIN,SEASHELLS,10002.0,1,-2
157400,-,-,SQUID_INK,SEASHELLS,1980.0,1,-2
157700,-,-,KELP,SEASHELLS,2004.0,1,-2
157700,-,-,RAINFOREST_RESIN,SEASHELLS,10004.0,1,-2
157700,-,-,SQUID_INK,SEASHELLS,1982.0,1,-2
157900,-,-,KELP,SEASHELLS,2002.0,2,-2
157900,-,-,RAINFOREST_RESIN,SEASHELLS,10005.0,2,-2
157900,-,-,SQUID_INK,SEASHELLS,1979.0,2,-2
158000,-,-,KELP,SEASHELLS,2002.0,1,-2
158000,-,-,RAINFOREST_RESIN,SEASHELLS,10002.0,1,-2
158000,-,-,SQUID_INK,SEASHELLS,1979.0,1,-2
158200,-,-,RAINFOREST_RESIN,SEASHELLS,9998.0,8,-2
158300,-,-,KELP,SEASHELLS,2002.0,1,-2
158300,-,-,RAINFOREST_RESIN,SEASHELLS,10002.0,1,-2
158300,-,-,SQUID_INK,SEASHELLS,1977.0,1,-2
158500,-,-,KELP,SEASHELLS,2002.0,1,-2
158500,-,-,SQUID_INK,SEASHELLS,1975.0,1,-2
159200,-,-,KELP,SEASHELLS,2002.0,2,-2
159200,-,-,RAINFOREST_RESIN,SEASHELLS,9998.0,2,-2
159200,-,-,SQUID_INK,SEASHELLS,1974.0,2,-2
159400,-,-,KELP,SEASHELLS,2002.0,8,-2
159400,-,-,RAINFOREST_RESIN,SEASHELLS,10002.0,1,-2
159400,-,-,SQUID_INK,SEASHELLS,1973.0,8,-2
159500,-,-,KELP,SEASHELLS,2002.0,1,-2
159500,-,-,SQUID_INK,SEASHELLS,1973.0,1,-2
159900,-,-,KELP,SEASHELLS,2002.0,2,-2
159900,-,-,RAINFOREST_RESIN,SEASHELLS,9996.0,2,-2
159900,-,-,SQUID_INK,SEASHELLS,1972.0,2,-2
160200,-,-,KELP,SEASHELLS,2002.0,1,-2
160200,-,-,SQUID_INK,SEASHELLS,1970.0,1,-2
160300,-,-,KELP,SEASHELLS,2004.0,1,-2
160300,-,-,SQUID_INK,SEASHELLS,1973.0,1,-2
160400,-,-,KELP,SEASHELLS,2002.0,1,-2
160400,-,-,SQUID_INK,SEASHELLS,1972.0,1,-2
160700,-,-,KELP,SEASHELLS,2002.0,1,-2
160700,-,-,SQUID_INK,SEASHELLS,1975.0,1,-2
160800,-,-,KELP,SEASHELLS,2005.0,13,-2
160800,-,-,SQUID_INK,SEASHELLS,1979.0,13,-2
161200,-,-,KELP,SEASHELLS,2003.0,3,-2
161200,-,-,SQUID_INK,SEASHELLS,1978.0,3,-2
161400,-,-,KELP,SEASHELLS,2006.0,13,-2
161400,-,-,SQUID_INK,SEASHELLS,1982.0,13,-2
161800,-,-,KELP,SEASHELLS,2002.0,1,-2
161800,-,-,SQUID_INK,SEASHELLS,1978.0,1,-2
162000,-,-,KELP,SEASHELLS,2005.0,2,-2
162000,-,-,RAINFOREST_RESIN,SEASHELLS,10005.0,2,-2
162000,-,-,SQUID_INK,SEASHELLS,1981.0,2,-2
162300,-,-,KELP,SEASHELLS,2001.0,2,-2
162300,-,-,RAINFOREST_RESIN,SEASHELLS,10002.0,2,-2
162300,-,-,SQUID_INK,SEASHELLS,1977.0,2,-2
162400,-,-,SQUID_INK,SEASHELLS,1977.0,1,-2
162700,-,-,KELP,SEASHELLS,2002.0,1,-2
162700,-,-,RAINFOREST_RESIN,SEASHELLS,9996.0,1,-2
162700,-,-,SQUID_INK,SEASHELLS,1975.0,1,-2
162800,-,-,KELP,SEASHELLS,2001.0,2,-2
162800,-,-,RAINFOREST_RESIN,SEASHELLS,9995.0,2,-2
162800,-,-,SQUID_INK,SEASHELLS,1974.0,2,-2
163100,-,-,KELP,SEASHELLS,2003.0,1,-2
163100,-,-,SQUID_INK,SEASHELLS,1979.0,1,-2
163300,-,-,KELP,SEASHELLS,2004.0,1,-2
163300,-,-,SQUID_INK,SEASHELLS,1979.0,1,-2
163600,-,-,KELP,SEASHELLS,2002.0,2,-2
163700,-,-,KELP,SEASHELLS,2001.0,4,-2
163700,-,-,SQUID_INK,SEASHELLS,1978.0,4,-2
163900,-,-,RAINFOREST_RESIN,SEASHELLS,10002.0,4,-2
163900,-,-,RAINFOREST_RESIN,SEASHELLS,10002.0,1,-2
164000,-,-,RAINFOREST_RESIN,SEASHELLS,10000.0,3,-2
164600,-,-,RAINFOREST_RESIN,SEASHELLS,9998.0,1,-2
164800,-,-,RAINFOREST_RESIN,SEASHELLS,9998.0,1,-2
164900,-,-,KELP,SEASHELLS,2002.0,3,-2
165000,-,-,RAINFOREST_RESIN,SEASHELLS,10002.0,2,-2
165300,-,-,RAINFOREST_RESIN,SEASHELLS,9996.0,1,-2
165300,-,-,RAINFOREST_RESIN,SEASHELLS,9996.0,3,-2
165500,-,-,KELP,SEASHELLS,2004.0,1,-2
165500,-,-,SQUID_INK,SEASHELLS,1983.0,1,-2
165700,-,-,KELP,SEASHELLS,2004.0,1,-2
165700,-,-,SQUID_INK,SEASHELLS,1984.0,1,-2
166100,-,-,RAINFOREST_RESIN,SEASHELLS,10002.0,1,-2
166300,-,-,RAINFOREST_RESIN,SEASHELLS,10002.0,1,-2
166400,-,-,RAINFOREST_RESIN,SEASHELLS,10002.0,1,-2
166600,-,-,KELP,SEASHELLS,2003.0,3,-2
166600,-,-,SQUID_INK,SEASHELLS,1986.0,3,-2
166700,-,-,KELP,SEASHELLS,2002.0,1,-2
166700,-,-,KELP,SEASHELLS,2002.0,1,-2
166700,-,-,RAINFOREST_RESIN,SEASHELLS,10002.0,1,-2
166700,-,-,SQUID_INK,SEASHELLS,1986.0,1,-2
166700,-,-,SQUID_INK,SEASHELLS,1986.0,1,-2
167100,-,-,KELP,SEASHELLS,2002.0,1,-2
167100,-,-,SQUID_INK,SEASHELLS,1987.0,1,-2
167300,-,-,KELP,SEASHELLS,2006.0,2,-2
167300,-,-,RAINFOREST_RESIN,SEASHELLS,10005.0,2,-2
167300,-,-,SQUID_INK,SEASHELLS,1990.0,2,-2
168100,-,-,RAINFOREST_RESIN,SEASHELLS,10002.0,1,-2
168200,-,-,KELP,SEASHELLS,2002.0,1,-2
168200,-,-,RAINFOREST_RESIN,SEASHELLS,9995.0,1,-2
168200,-,-,SQUID_INK,SEASHELLS,1982.0,1,-2
168900,-,-,RAINFOREST_RESIN,SEASHELLS,9998.0,5,-2
169200,-,-,KELP,SEASHELLS,2002.0,1,-2
169200,-,-,SQUID_INK,SEASHELLS,1982.0,1,-2
169300,-,-,KELP,SEASHELLS,2003.0,3,-2
169300,-,-,RAINFOREST_RESIN,SEASHELLS,10002.0,1,-2
169300,-,-,SQUID_INK,SEASHELLS,1982.0,3,-2
169500,-,-,KELP,SEASHELLS,2005.0,12,-2
169500,-,-,SQUID_INK,SEASHELLS,1985.0,12,-2
169600,-,-,KELP,SEASHELLS,2004.0,1,-2
169600,-,-,SQUID_INK,SEASHELLS,1984.0,1,-2
170000,-,-,KELP,SEASHELLS,2003.0,1,-2
170000,-,-,KELP,SEASHELLS,2003.0,1,-2
170000,-,-,KELP,SEASHELLS,2003.0,2,-2
170000,-,-,RAINFOREST_RESIN,SEASHELLS,10002.0,2,-2
170000,-,-,SQUID_INK,SEASHELLS,1982.0,1,-2
170000,-,-,SQUID_INK,SEASHELLS,1982.0,1,-2
170000,-,-,SQUID_INK,SEASHELLS,1982.0,2,-2
170200,-,-,KELP,SEASHELLS,2005.0,1,-2
170200,-,-,RAINFOREST_RESIN,SEASHELLS,10004.0,1,-2
170200,-,-,SQUID_INK,SEASHELLS,1981.0,1,-2
170400,-,-,KELP,SEASHELLS,2005.0,12,-2
170400,-,-,SQUID_INK,SEASHELLS,1982.0,12,-2
171400,-,-,RAINFOREST_RESIN,SEASHELLS,9998.0,1,-2
171700,-,-,KELP,SEASHELLS,2003.0,1,-2
171700,-,-,RAINFOREST_RESIN,SEASHELLS,10004.0,1,-2
171700,-,-,SQUID_INK,SEASHELLS,1979.0,1,-2
172000,-,-,KELP,SEASHELLS,2001.0,13,-2
172000,-,-,SQUID_INK,SEASHELLS,1975.0,13,-2
172100,-,-,RAINFOREST_RESIN,SEASHELLS,10002.0,1,-2
172200,-,-,RAINFOREST_RESIN,SEASHELLS,10002.0,1,-2
172300,-,-,RAINFOREST_RESIN,SEASHELLS,10002.0,1,-2
172600,-,-,RAINFOREST_RESIN,SEASHELLS,10002.0,1,-2
172700,-,-,RAINFOREST_RESIN,SEASHELLS,10004.0,2,-2
173100,-,-,RAINFOREST_RESIN,SEASHELLS,10005.0,4,-2
173600,-,-,KELP,SEASHELLS,2004.0,1,-2
173600,-,-,SQUID_INK,SEASHELLS,1980.0,1,-2
173700,-,-,RAINFOREST_RESIN,SEASHELLS,9998.0,1,-2
174100,-,-,KELP,SEASHELLS,2003.0,1,-2
174100,-,-,RAINFOREST_RESIN,SEASHELLS,9998.0,1,-2
174100,-,-,SQUID_INK,SEASHELLS,1977.0,1,-2
174400,-,-,KELP,SEASHELLS,2002.0,3,-2
174400,-,-,SQUID_INK,SEASHELLS,1973.0,3,-2
174700,-,-,KELP,SEASHELLS,2003.0,2,-2
174900,-,-,KELP,SEASHELLS,2003.0,1,-2
174900,-,-,RAINFOREST_RESIN,SEASHELLS,10002.0,1,-2
174900,-,-,SQUID_INK,SEASHELLS,1974.0,1,-2
175200,-,-,KELP,SEASHELLS,2003.0,1,-2
175200,-,-,KELP,SEASHELLS,2001.0,2,-2
175200,-,-,RAINFOREST_RESIN,SEASHELLS,9996.0,2,-2
175200,-,-,RAINFOREST_RESIN,SEASHELLS,9998.0,1,-2
175200,-,-,SQUID_INK,SEASHELLS,1974.0,1,-2
175200,-,-,SQUID_INK,SEASHELLS,1972.0,2,-2
175500,-,-,KELP,SEASHELLS,2004.0,1,-2
175500,-,-,RAINFOREST_RESIN,SEASHELLS,10004.0,1,-2
175500,-,-,SQUID_INK,SEASHELLS,1973.0,1,-2
175600,-,-,KELP,SEASHELLS,2003.0,1,-2
175600,-,-,SQUID_INK,SEASHELLS,1971.0,1,-2
176000,-,-,SQUID_INK,SEASHELLS,1970.0,1,-2
176100,-,-,RAINFOREST_RESIN,SEASHELLS,10002.0,1,-2
176500,-,-,KELP,SEASHELLS,2005.0,2,-2
176500,-,-,RAINFOREST_RESIN,SEASHELLS,10004.0,1,-2
176500,-,-,SQUID_INK,SEASHELLS,1983.0,2,-2
176900,-,-,KELP,SEASHELLS,2002.0,2,-2
176900,-,-,RAINFOREST_RESIN,SEASHELLS,10005.0,9,-2
176900,-,-,SQUID_INK,SEASHELLS,1981.0,2,-2
177200,-,-,KELP,SEASHELLS,2002.0,7,-2
177200,-,-,KELP,SEASHELLS,2002.0,1,-2
177200,-,-,SQUID_INK,SEASHELLS,1982.0,7,-2
177200,-,-,SQUID_INK,SEASHELLS,1982.0,1,-2
177300,-,-,KELP,SEASHELLS,2002.0,2,-2
177300,-,-,SQUID_INK,SEASHELLS,1983.0,2,-2
177900,-,-,RAINFOREST_RESIN,SEASHELLS,9998.0,3,-2
178200,-,-,KELP,SEASHELLS,2004.0,1,-2
178200,-,-,SQUID_INK,SEASHELLS,1985.0,1,-2
178500,-,-,KELP,SEASHELLS,2002.0,13,-2
178500,-,-,SQUID_INK,SEASHELLS,1984.0,13,-2
178700,-,-,KELP,SEASHELLS,2003.0,7,-2
178700,-,-,SQUID_INK,SEASHELLS,1985.0,7,-2
178800,-,-,KELP,SEASHELLS,2003.0,4,-2
178800,-,-,SQUID_INK,SEASHELLS,1985.0,4,-2
179600,-,-,KELP,SEASHELLS,2002.0,7,-2
179600,-,-,RAINFOREST_RESIN,SEASHELLS,10002.0,1,-2
179600,-,-,SQUID_INK,SEASHELLS,1986.0,7,-2
180000,-,-,KELP,SEASHELLS,2002.0,1,-2
180000,-,-,SQUID_INK,SEASHELLS,1985.0,1,-2
180500,-,-,KELP,SEASHELLS,2002.0,1,-2
180500,-,-,SQUID_INK,SEASHELLS,1984.0,1,-2
180600,-,-,SQUID_INK,SEASHELLS,1985.0,4,-2
180900,-,-,RAINFOREST_RESIN,SEASHELLS,9998.0,1,-2
180900,-,-,RAINFOREST_RESIN,SEASHELLS,9998.0,2,-2
181000,-,-,RAINFOREST_RESIN,SEASHELLS,10002.0,1,-2
181400,-,-,KELP,SEASHELLS,2002.0,1,-2
181400,-,-,SQUID_INK,SEASHELLS,1982.0,1,-2
181500,-,-,KELP,SEASHELLS,2002.0,2,-2
181500,-,-,KELP,SEASHELLS,2002.0,11,-2
181500,-,-,SQUID_INK,SEASHELLS,1982.0,2,-2
181500,-,-,SQUID_INK,SEASHELLS,1982.0,11,-2
181600,-,-,RAINFOREST_RESIN,SEASHELLS,9996.0,1,-2
181800,-,-,KELP,SEASHELLS,2004.0,2,-2
181800,-,-,RAINFOREST_RESIN,SEASHELLS,10005.0,2,-2
181800,-,-,SQUID_INK,SEASHELLS,1986.0,2,-2
182300,-,-,RAINFOREST_RESIN,SEASHELLS,9998.0,1,-2
182300,-,-,RAINFOREST_RESIN,SEASHELLS,9998.0,3,-2
182400,-,-,KELP,SEASHELLS,2002.0,3,-2
182400,-,-,SQUID_INK,SEASHELLS,1984.0,3,-2
182500,-,-,RAINFOREST_RESIN,SEASHELLS,10002.0,1,-2
182700,-,-,RAINFOREST_RESIN,SEASHELLS,9996.0,2,-2
182900,-,-,RAINFOREST_RESIN,SEASHELLS,10002.0,1,-2
183100,-,-,KELP,SEASHELLS,2002.0,1,-2
183100,-,-,RAINFOREST_RESIN,SEASHELLS,10002.0,1,-2
183100,-,-,SQUID_INK,SEASHELLS,1985.0,1,-2
183400,-,-,KELP,SEASHELLS,2002.0,1,-2
183400,-,-,SQUID_INK,SEASHELLS,1985.0,1,-2
183900,-,-,RAINFOREST_RESIN,SEASHELLS,10002.0,1,-2
184200,-,-,KELP,SEASHELLS,2002.0,1,-2
184200,-,-,SQUID_INK,SEASHELLS,1987.0,1,-2
184400,-,-,KELP,SEASHELLS,2005.0,9,-2
184400,-,-,SQUID_INK,SEASHELLS,1992.0,9,-2
184800,-,-,RAINFOREST_RESIN,SEASHELLS,10000.0,2,-2
184800,-,-,SQUID_INK,SEASHELLS,1990.0,2,-2
185000,-,-,KELP,SEASHELLS,2002.0,1,-2
185000,-,-,RAINFOREST_RESIN,SEASHELLS,9995.0,1,-2
185000,-,-,SQUID_INK,SEASHELLS,1988.0,1,-2
185500,-,-,KELP,SEASHELLS,2002.0,7,-2
185500,-,-,KELP,SEASHELLS,2002.0,7,-2
185500,-,-,SQUID_INK,SEASHELLS,1987.0,7,-2
185500,-,-,SQUID_INK,SEASHELLS,1987.0,7,-2
186000,-,-,KELP,SEASHELLS,2002.0,1,-2
186000,-,-,RAINFOREST_RESIN,SEASHELLS,9995.0,1,-2
186000,-,-,SQUID_INK,SEASHELLS,1986.0,1,-2
186500,-,-,KELP,SEASHELLS,2002.0,1,-2
186500,-,-,RAINFOREST_RESIN,SEASHELLS,9996.0,1,-2
186500,-,-,SQUID_INK,SEASHELLS,1985.0,1,-2
186800,-,-,KELP,SEASHELLS,2002.0,1,-2
186800,-,-,RAINFOREST_RESIN,SEASHELLS,9995.0,6,-2
186800,-,-,RAINFOREST_RESIN,SEASHELLS,9995.0,1,-2
186800,-,-,SQUID_INK,SEASHELLS,1985.0,1,-2
186900,-,-,RAINFOREST_RESIN,SEASHELLS,10004.0,2,-2
186900,-,-,RAINFOREST_RESIN,SEASHELLS,10004.0,9,-2
186900,-,-,RAINFOREST_RESIN,SEASHELLS,10002.0,5,-2
187300,-,-,KELP,SEASHELLS,2004.0,1,-2
187300,-,-,RAINFOREST_RESIN,SEASHELLS,9998.0,2,-2
187300,-,-,SQUID_INK,SEASHELLS,1990.0,1,-2
187400,-,-,KELP,SEASHELLS,2005.0,13,-2
187400,-,-,SQUID_INK,SEASHELLS,1991.0,13,-2
187500,-,-,KELP,SEASHELLS,2002.0,1,-2
187500,-,-,SQUID_INK,SEASHELLS,1989.0,1,-2
187600,-,-,KELP,SEASHELLS,2005.0,15,-2
187600,-,-,SQUID_INK,SEASHELLS,1992.0,15,-2
187700,-,-,KELP,SEASHELLS,2004.0,1,-2
187700,-,-,SQUID_INK,SEASHELLS,1991.0,1,-2
188400,-,-,KELP,SEASHELLS,2002.0,1,-2
188400,-,-,SQUID_INK,SEASHELLS,1987.0,1,-2
188700,-,-,KELP,SEASHELLS,2004.0,1,-2
188700,-,-,RAINFOREST_RESIN,SEASHELLS,10002.0,1,-2
188700,-,-,SQUID_INK,SEASHELLS,1990.0,1,-2
188900,-,-,KELP,SEASHELLS,2004.0,1,-2
188900,-,-,SQUID_INK,SEASHELLS,1992.0,1,-2
189000,-,-,RAINFOREST_RESIN,SEASHELLS,10002.0,1,-2
189300,-,-,KELP,SEASHELLS,2002.0,1,-2
189300,-,-,SQUID_INK,SEASHELLS,1989.0,1,-2
189500,-,-,KELP,SEASHELLS,2002.0,6,-2
189500,-,-,SQUID_INK,SEASHELLS,1987.0,6,-2
189700,-,-,KELP,SEASHELLS,2005.0,1,-2
189700,-,-,RAINFOREST_RESIN,SEASHELLS,10005.0,1,-2
189700,-,-,SQUID_INK,SEASHELLS,1991.0,1,-2
189800,-,-,KELP,SEASHELLS,2005.0,11,-2
189800,-,-,SQUID_INK,SEASHELLS,1992.0,11,-2
189900,-,-,RAINFOREST_RESIN,SEASHELLS,9998.0,1,-2
190400,-,-,RAINFOREST_RESIN,SEASHELLS,10002.0,4,-2
190400,-,-,RAINFOREST_RESIN,SEASHELLS,10002.0,1,-2
191300,-,-,KELP,SEASHELLS,2005.0,7,-2
191300,-,-,SQUID_INK,SEASHELLS,1989.0,7,-2
191500,-,-,KELP,SEASHELLS,2002.0,2,-2
191500,-,-,RAINFOREST_RESIN,SEASHELLS,9995.0,2,-2
191500,-,-,SQUID_INK,SEASHELLS,1985.0,2,-2
191600,-,-,KELP,SEASHELLS,2002.0,1,-2
191600,-,-,RAINFOREST_RESIN,SEASHELLS,9998.0,3,-2
191600,-,-,SQUID_INK,SEASHELLS,1985.0,1,-2
191900,-,-,RAINFOREST_RESIN,SEASHELLS,10002.0,1,-2
192400,-,-,KELP,SEASHELLS,2002.0,8,-2
192400,-,-,SQUID_INK,SEASHELLS,1984.0,8,-2
193100,-,-,KELP,SEASHELLS,2002.0,1,-2
193400,-,-,RAINFOREST_RESIN,SEASHELLS,10002.0,2,-2
193600,-,-,KELP,SEASHELLS,2004.0,3,-2
193600,-,-,KELP,SEASHELLS,2004.0,2,-2
193600,-,-,RAINFOREST_RESIN,SEASHELLS,9995.0,2,-2
193600,-,-,SQUID_INK,SEASHELLS,1986.0,3,-2
193600,-,-,SQUID_INK,SEASHELLS,1986.0,2,-2
194600,-,-,KELP,SEASHELLS,2004.0,2,-2
194600,-,-,RAINFOREST_RESIN,SEASHELLS,9998.0,2,-2
194600,-,-,SQUID_INK,SEASHELLS,1983.0,2,-2
195300,-,-,KELP,SEASHELLS,2005.0,11,-2
195300,-,-,SQUID_INK,SEASHELLS,1990.0,11,-2
195700,-,-,RAINFOREST_RESIN,SEASHELLS,10002.0,1,-2
196100,-,-,KELP,SEASHELLS,2002.0,1,-2
196100,-,-,SQUID_INK,SEASHELLS,1987.0,1,-2
196400,-,-,KELP,SEASHELLS,2002.0,1,-2
196400,-,-,SQUID_INK,SEASHELLS,1989.0,1,-2
196600,-,-,RAINFOREST_RESIN,SEASHELLS,9998.0,1,-2
196600,-,-,SQUID_INK,SEASHELLS,1992.0,1,-2
196700,-,-,KELP,SEASHELLS,2003.0,2,-2
196700,-,-,KELP,SEASHELLS,2003.0,2,-2
196700,-,-,RAINFOREST_RESIN,SEASHELLS,9998.0,2,-2
196700,-,-,SQUID_INK,SEASHELLS,1990.0,2,-2
196700,-,-,SQUID_INK,SEASHELLS,1990.0,2,-2
196800,-,-,KELP,SEASHELLS,2003.0,5,-2
196800,-,-,RAINFOREST_RESIN,SEASHELLS,9998.0,4,-2
196800,-,-,SQUID_INK,SEASHELLS,1989.0,5,-2
197100,-,-,RAINFOREST_RESIN,SEASHELLS,9998.0,4,-2
197200,-,-,RAINFOREST_RESIN,SEASHELLS,10002.0,1,-2
197300,-,-,KELP,SEASHELLS,2004.0,1,-2
197300,-,-,RAINFOREST_RESIN,SEASHELLS,10004.0,2,-2
197300,-,-,SQUID_INK,SEASHELLS,1989.0,1,-2
197400,-,-,RAINFOREST_RESIN,SEASHELLS,9998.0,4,-2
197600,-,-,RAINFOREST_RESIN,SEASHELLS,9998.0,1,-2
197900,-,-,RAINFOREST_RESIN,SEASHELLS,9998.0,5,-2
198000,-,-,KELP,SEASHELLS,2005.0,1,-2
198000,-,-,RAINFOREST_RESIN,SEASHELLS,10004.0,1,-2
198000,-,-,SQUID_INK,SEASHELLS,1987.0,1,-2
198100,-,-,KELP,SEASHELLS,2005.0,1,-2
198100,-,-,SQUID_INK,SEASHELLS,1987.0,1,-2
198400,-,-,KELP,SEASHELLS,2003.0,1,-2
198400,-,-,SQUID_INK,SEASHELLS,1985.0,1,-2
198500,-,-,KELP,SEASHELLS,2003.0,11,-2
198500,-,-,SQUID_INK,SEASHELLS,1984.0,11,-2
198700,-,-,RAINFOREST_RESIN,SEASHELLS,9998.0,5,-2
198900,-,-,KELP,SEASHELLS,2005.0,1,-2
198900,-,-,SQUID_INK,SEASHELLS,1987.0,1,-2
199000,-,-,KELP,SEASHELLS,2003.0,1,-2
199000,-,-,RAINFOREST_RESIN,SEASHELLS,9996.0,1,-2
199000,-,-,SQUID_INK,SEASHELLS,1985.0,1,-2
199400,-,-,KELP,SEASHELLS,2006.0,2,-2
199400,-,-,RAINFOREST_RESIN,SEASHELLS,10002.0,2,-2
199400,-,-,SQUID_INK,SEASHELLS,1988.0,2,-2
199500,-,-,KELP,SEASHELLS,2004.0,5,-2
199500,-,-,SQUID_INK,SEASHELLS,1986.0,5,-2
199900,-,-,KELP,SEASHELLS,2003.0,1,-2
199900,-,-,SQUID_INK,SEASHELLS,1984.0,1,-2
200100,-,-,RAINFOREST_RESIN,SEASHELLS,9996.0,1,-2
200200,-,-,KELP,SEASHELLS,2004.0,3,-2
200200,-,-,SQUID_INK,SEASHELLS,1985.0,3,-2
200300,-,-,KELP,SEASHELLS,2003.0,1,-2
200300,-,-,KELP,SEASHELLS,2003.0,1,-2
200300,-,-,RAINFOREST_RESIN,SEASHELLS,9996.0,1,-2
200300,-,-,RAINFOREST_RESIN,SEASHELLS,9996.0,1,-2
200300,-,-,SQUID_INK,SEASHELLS,1983.0,2,-2
200400,-,-,RAINFOREST_RESIN,SEASHELLS,10004.0,1,-2
200400,-,-,RAINFOREST_RESIN,SEASHELLS,10004.0,7,-2
200500,-,-,KELP,SEASHELLS,2006.0,2,-2
200500,-,-,RAINFOREST_RESIN,SEASHELLS,10004.0,2,-2
200500,-,-,SQUID_INK,SEASHELLS,1986.0,2,-2
200600,-,-,KELP,SEASHELLS,2003.0,2,-2
200600,-,-,RAINFOREST_RESIN,SEASHELLS,10002.0,1,-2
200600,-,-,RAINFOREST_RESIN,SEASHELLS,10002.0,2,-2
200600,-,-,SQUID_INK,SEASHELLS,1983.0,2,-2
201700,-,-,RAINFOREST_RESIN,SEASHELLS,9996.0,2,-2
201700,-,-,RAINFOREST_RESIN,SEASHELLS,9996.0,1,-2
201700,-,-,RAINFOREST_RESIN,SEASHELLS,9998.0,1,-2
201900,-,-,RAINFOREST_RESIN,SEASHELLS,9998.0,1,-2
202300,-,-,KELP,SEASHELLS,2006.0,8,-2
202300,-,-,SQUID_INK,SEASHELLS,1987.0,2,-2
202400,-,-,KELP,SEASHELLS,2003.0,1,-2
202400,-,-,SQUID_INK,SEASHELLS,1985.0,1,-2
202800,-,-,RAINFOREST_RESIN,SEASHELLS,9998.0,1,-2
202900,-,-,KELP,SEASHELLS,2003.0,1,-2
202900,-,-,RAINFOREST_RESIN,SEASHELLS,9996.0,1,-2
202900,-,-,SQUID_INK,SEASHELLS,1983.0,2,-2
203600,-,-,KELP,SEASHELLS,2003.0,2,-2
203600,-,-,SQUID_INK,SEASHELLS,1986.0,2,-2
203800,-,-,RAINFOREST_RESIN,SEASHELLS,9998.0,1,-2
203900,-,-,KELP,SEASHELLS,2006.0,2,-2
203900,-,-,RAINFOREST_RESIN,SEASHELLS,9998.0,2,-2
203900,-,-,SQUID_INK,SEASHELLS,1990.0,2,-2
204200,-,-,KELP,SEASHELLS,2003.0,4,-2
204200,-,-,KELP,SEASHELLS,2006.0,11,-2
204200,-,-,RAINFOREST_RESIN,SEASHELLS,10002.0,1,-2
204200,-,-,SQUID_INK,SEASHELLS,1983.0,4,-2
204200,-,-,SQUID_INK,SEASHELLS,1986.0,11,-2
204200,-,-,SQUID_INK,SEASHELLS,1985.0,4,-2
204400,-,-,RAINFOREST_RESIN,SEASHELLS,10002.0,1,-2
204600,-,-,RAINFOREST_RESIN,SEASHELLS,10000.0,3,-2
204800,-,-,RAINFOREST_RESIN,SEASHELLS,9998.0,4,-2
204800,-,-,RAINFOREST_RESIN,SEASHELLS,9998.0,1,-2
204800,-,-,RAINFOREST_RESIN,SEASHELLS,10002.0,6,-2
205200,-,-,KELP,SEASHELLS,2002.0,2,-2
205200,-,-,RAINFOREST_RESIN,SEASHELLS,9996.0,2,-2
205200,-,-,SQUID_INK,SEASHELLS,1975.0,2,-2
205300,-,-,KELP,SEASHELLS,2005.0,1,-2
205300,-,-,RAINFOREST_RESIN,SEASHELLS,10004.0,1,-2
205300,-,-,SQUID_INK,SEASHELLS,1978.0,1,-2
205600,-,-,RAINFOREST_RESIN,SEASHELLS,9995.0,8,-2
205900,-,-,RAINFOREST_RESIN,SEASHELLS,9998.0,1,-2
206200,-,-,RAINFOREST_RESIN,SEASHELLS,9998.0,1,-2
206300,-,-,KELP,SEASHELLS,2002.0,1,-2
206300,-,-,SQUID_INK,SEASHELLS,1970.0,5,-2
206300,-,-,SQUID_INK,SEASHELLS,1970.0,1,-2
206400,-,-,KELP,SEASHELLS,2002.0,1,-2
206400,-,-,RAINFOREST_RESIN,SEASHELLS,9995.0,1,-2
206400,-,-,SQUID_INK,SEASHELLS,1972.0,1,-2
206600,-,-,KELP,SEASHELLS,2003.0,3,-2
206600,-,-,SQUID_INK,SEASHELLS,1971.0,3,-2
206600,-,-,SQUID_INK,SEASHELLS,1971.0,1,-2
206700,-,-,KELP,SEASHELLS,2003.0,5,-2
206700,-,-,SQUID_INK,SEASHELLS,1972.0,5,-2
207100,-,-,KELP,SEASHELLS,2006.0,2,-2
207100,-,-,RAINFOREST_RESIN,SEASHELLS,10005.0,2,-2
207100,-,-,SQUID_INK,SEASHELLS,1975.0,2,-2
207200,-,-,SQUID_INK,SEASHELLS,1970.0,1,-2
207300,-,-,KELP,SEASHELLS,2003.0,1,-2
207300,-,-,SQUID_INK,SEASHELLS,1969.0,1,-2
207700,-,-,KELP,SEASHELLS,2005.0,1,-2
207700,-,-,SQUID_INK,SEASHELLS,1972.0,1,-2
207800,-,-,RAINFOREST_RESIN,SEASHELLS,9998.0,4,-2
208000,-,-,KELP,SEASHELLS,2003.0,1,-2
208000,-,-,SQUID_INK,SEASHELLS,1964.0,1,-2
208100,-,-,KELP,SEASHELLS,2006.0,14,-2
208100,-,-,SQUID_INK,SEASHELLS,1966.0,14,-2
208200,-,-,KELP,SEASHELLS,2005.0,1,-2
208200,-,-,SQUID_INK,SEASHELLS,1963.0,1,-2
208400,-,-,KELP,SEASHELLS,2003.0,1,-2
208400,-,-,SQUID_INK,SEASHELLS,1959.0,1,-2
208500,-,-,RAINFOREST_RESIN,SEASHELLS,9998.0,1,-2
209000,-,-,RAINFOREST_RESIN,SEASHELLS,9998.0,4,-2
209300,-,-,KELP,SEASHELLS,2003.0,1,-2
209300,-,-,RAINFOREST_RESIN,SEASHELLS,9995.0,1,-2
209300,-,-,SQUID_INK,SEASHELLS,1955.0,1,-2
209600,-,-,KELP,SEASHELLS,2003.0,1,-2
209600,-,-,SQUID_INK,SEASHELLS,1956.0,1,-2
209700,-,-,KELP,SEASHELLS,2004.0,5,-2
209700,-,-,SQUID_INK,SEASHELLS,1952.0,5,-2
209800,-,-,SQUID_INK,SEASHELLS,1953.0,1,-2
209900,-,-,KELP,SEASHELLS,2003.0,2,-2
209900,-,-,RAINFOREST_RESIN,SEASHELLS,9996.0,2,-2
209900,-,-,SQUID_INK,SEASHELLS,1953.0,2,-2
210000,-,-,KELP,SEASHELLS,2004.0,3,-2
210000,-,-,RAINFOREST_RESIN,SEASHELLS,9995.0,4,-2
210000,-,-,RAINFOREST_RESIN,SEASHELLS,9998.0,1,-2
210000,-,-,SQUID_INK,SEASHELLS,1954.0,3,-2
210200,-,-,KELP,SEASHELLS,2006.0,11,-2
210200,-,-,SQUID_INK,SEASHELLS,1957.0,11,-2
210400,-,-,RAINFOREST_RESIN,SEASHELLS,10002.0,1,-2
210400,-,-,SQUID_INK,SEASHELLS,1955.0,15,-2
210900,-,-,KELP,SEASHELLS,2003.0,1,-2
210900,-,-,SQUID_INK,SEASHELLS,1956.0,1,-2
211300,-,-,KELP,SEASHELLS,2005.0,1,-2
211300,-,-,SQUID_INK,SEASHELLS,1956.0,1,-2
211400,-,-,KELP,SEASHELLS,2003.0,1,-2
211400,-,-,SQUID_INK,SEASHELLS,1954.0,1,-2
212500,-,-,KELP,SEASHELLS,2006.0,1,-2
212500,-,-,SQUID_INK,SEASHELLS,1963.0,1,-2
212700,-,-,KELP,SEASHELLS,2004.0,1,-2
212700,-,-,RAINFOREST_RESIN,SEASHELLS,9996.0,2,-2
212700,-,-,SQUID_INK,SEASHELLS,1962.0,1,-2
212800,-,-,RAINFOREST_RESIN,SEASHELLS,10002.0,3,-2
212900,-,-,RAINFOREST_RESIN,SEASHELLS,9998.0,5,-2
213100,-,-,RAINFOREST_RESIN,SEASHELLS,9998.0,1,-2
213100,-,-,RAINFOREST_RESIN,SEASHELLS,9998.0,3,-2
213400,-,-,RAINFOREST_RESIN,SEASHELLS,9998.0,2,-2
214400,-,-,RAINFOREST_RESIN,SEASHELLS,10004.0,2,-2
214600,-,-,RAINFOREST_RESIN,SEASHELLS,9998.0,1,-2
214700,-,-,KELP,SEASHELLS,2003.0,1,-2
214700,-,-,SQUID_INK,SEASHELLS,1963.0,1,-2
214800,-,-,SQUID_INK,SEASHELLS,1963.0,3,-2
214900,-,-,SQUID_INK,SEASHELLS,1962.0,1,-2
215100,-,-,KELP,SEASHELLS,2007.0,2,-2
215100,-,-,RAINFOREST_RESIN,SEASHELLS,10005.0,2,-2
215100,-,-,SQUID_INK,SEASHELLS,1966.0,2,-2
215200,-,-,RAINFOREST_RESIN,SEASHELLS,10002.0,1,-2
215400,-,-,SQUID_INK,SEASHELLS,1964.0,3,-2
216400,-,-,KELP,SEASHELLS,2006.0,6,-2
216400,-,-,SQUID_INK,SEASHELLS,1962.0,6,-2
216500,-,-,KELP,SEASHELLS,2006.0,1,-2
216500,-,-,RAINFOREST_RESIN,SEASHELLS,10002.0,1,-2
216500,-,-,SQUID_INK,SEASHELLS,1961.0,1,-2
216700,-,-,KELP,SEASHELLS,2005.0,1,-2
216700,-,-,KELP,SEASHELLS,2005.0,8,-2
216700,-,-,SQUID_INK,SEASHELLS,1961.0,8,-2
217100,-,-,KELP,SEASHELLS,2006.0,1,-2
217100,-,-,KELP,SEASHELLS,2006.0,2,-2
217100,-,-,RAINFOREST_RESIN,SEASHELLS,10004.0,1,-2
217100,-,-,SQUID_INK,SEASHELLS,1963.0,1,-2
217100,-,-,SQUID_INK,SEASHELLS,1963.0,2,-2
217500,-,-,RAINFOREST_RESIN,SEASHELLS,10002.0,1,-2
217600,-,-,SQUID_INK,SEASHELLS,1962.0,2,-2
217900,-,-,KELP,SEASHELLS,2006.0,1,-2
217900,-,-,RAINFOREST_RESIN,SEASHELLS,9996.0,1,-2
217900,-,-,SQUID_INK,SEASHELLS,1962.0,1,-2
218100,-,-,RAINFOREST_RESIN,SEASHELLS,9998.0,1,-2
218400,-,-,KELP,SEASHELLS,2008.0,1,-2
218400,-,-,RAINFOREST_RESIN,SEASHELLS,10005.0,1,-2
218400,-,-,SQUID_INK,SEASHELLS,1963.0,1,-2
219500,-,-,KELP,SEASHELLS,2007.0,1,-2
219500,-,-,SQUID_INK,SEASHELLS,1959.0,1,-2
219900,-,-,SQUID_INK,SEASHELLS,1960.0,1,-2
220100,-,-,KELP,SEASHELLS,2007.0,1,-2
220100,-,-,RAINFOREST_RESIN,SEASHELLS,9996.0,1,-2
220100,-,-,SQUID_INK,SEASHELLS,1960.0,1,-2
220300,-,-,KELP,SEASHELLS,2005.0,2,-2
220300,-,-,RAINFOREST_RESIN,SEASHELLS,10002.0,1,-2
220300,-,-,SQUID_INK,SEASHELLS,1959.0,2,-2
220800,-,-,KELP,SEASHELLS,2006.0,1,-2
220800,-,-,SQUID_INK,SEASHELLS,1959.0,1,-2
221500,-,-,SQUID_INK,SEASHELLS,1963.0,1,-2
221700,-,-,KELP,SEASHELLS,2006.0,1,-2
221700,-,-,SQUID_INK,SEASHELLS,1963.0,1,-2
221800,-,-,KELP,SEASHELLS,2005.0,12,-2
221800,-,-,SQUID_INK,SEASHELLS,1962.0,12,-2
222500,-,-,KELP,SEASHELLS,2008.0,2,-2
222500,-,-,RAINFOREST_RESIN,SEASHELLS,9998.0,1,-2
222500,-,-,SQUID_INK,SEASHELLS,1962.0,2,-2
222600,-,-,RAINFOREST_RESIN,SEASHELLS,10002.0,1,-2
222700,-,-,KELP,SEASHELLS,2007.0,4,-2
222900,-,-,RAINFOREST_RESIN,SEASHELLS,10005.0,8,-2
223200,-,-,KELP,SEASHELLS,2005.0,1,-2
223200,-,-,RAINFOREST_RESIN,SEASHELLS,10002.0,1,-2
223200,-,-,SQUID_INK,SEASHELLS,1962.0,1,-2
223400,-,-,KELP,SEASHELLS,2007.0,1,-2
223400,-,-,SQUID_INK,SEASHELLS,1964.0,1,-2
223900,-,-,KELP,SEASHELLS,2008.0,15,-2
223900,-,-,RAINFOREST_RESIN,SEASHELLS,10002.0,3,-2
223900,-,-,SQUID_INK,SEASHELLS,1964.0,1,-2
223900,-,-,SQUID_INK,SEASHELLS,1964.0,14,-2
224300,-,-,KELP,SEASHELLS,2008.0,2,-2
224300,-,-,RAINFOREST_RESIN,SEASHELLS,10004.0,2,-2
224300,-,-,SQUID_INK,SEASHELLS,1965.0,2,-2
224500,-,-,KELP,SEASHELLS,2008.0,1,-2
224500,-,-,RAINFOREST_RESIN,SEASHELLS,10004.0,1,-2
224500,-,-,SQUID_INK,SEASHELLS,1967.0,1,-2
224600,-,-,KELP,SEASHELLS,2004.0,1,-2
224600,-,-,SQUID_INK,SEASHELLS,1964.0,1,-2
224800,-,-,RAINFOREST_RESIN,SEASHELLS,10005.0,7,-2
224900,-,-,KELP,SEASHELLS,2005.0,1,-2
224900,-,-,SQUID_INK,SEASHELLS,1962.0,1,-2
225500,-,-,KELP,SEASHELLS,2005.0,3,-2
225500,-,-,SQUID_INK,SEASHELLS,1964.0,3,-2
225800,-,-,KELP,SEASHELLS,2004.0,1,-2
225800,-,-,SQUID_INK,SEASHELLS,1965.0,1,-2
226000,-,-,KELP,SEASHELLS,2005.0,2,-2
226000,-,-,RAINFOREST_RESIN,SEASHELLS,9995.0,2,-2
226000,-,-,SQUID_INK,SEASHELLS,1965.0,2,-2
226100,-,-,KELP,SEASHELLS,2008.0,1,-2
226100,-,-,RAINFOREST_RESIN,SEASHELLS,10005.0,1,-2
226100,-,-,SQUID_INK,SEASHELLS,1969.0,1,-2
226300,-,-,KELP,SEASHELLS,2006.0,5,-2
226300,-,-,RAINFOREST_RESIN,SEASHELLS,10002.0,1,-2
226300,-,-,SQUID_INK,SEASHELLS,1968.0,5,-2
226300,-,-,SQUID_INK,SEASHELLS,1968.0,5,-2
226500,-,-,RAINFOREST_RESIN,SEASHELLS,10002.0,1,-2
226700,-,-,KELP,SEASHELLS,2005.0,1,-2
226700,-,-,SQUID_INK,SEASHELLS,1967.0,1,-2
226800,-,-,KELP,SEASHELLS,2007.0,1,-2
226800,-,-,KELP,SEASHELLS,2006.0,4,-2
226800,-,-,SQUID_INK,SEASHELLS,1968.0,1,-2
226800,-,-,SQUID_INK,SEASHELLS,1967.0,4,-2
226900,-,-,KELP,SEASHELLS,2005.0,2,-2
227400,-,-,RAINFOREST_RESIN,SEASHELLS,9998.0,5,-2
227500,-,-,KELP,SEASHELLS,2005.0,1,-2
227500,-,-,SQUID_INK,SEASHELLS,1966.0,1,-2
227600,-,-,KELP,SEASHELLS,2007.0,1,-2
227600,-,-,RAINFOREST_RESIN,SEASHELLS,9998.0,1,-2
227600,-,-,RAINFOREST_RESIN,SEASHELLS,9998.0,3,-2
227600,-,-,RAINFOREST_RESIN,SEASHELLS,9998.0,3,-2
227600,-,-,SQUID_INK,SEASHELLS,1968.0,1,-2
227700,-,-,KELP,SEASHELLS,2008.0,1,-2
227700,-,-,RAINFOREST_RESIN,SEASHELLS,9998.0,4,-2
227700,-,-,RAINFOREST_RESIN,SEASHELLS,10004.0,1,-2
227700,-,-,SQUID_INK,SEASHELLS,1968.0,1,-2
227800,-,-,KELP,SEASHELLS,2004.0,1,-2
227800,-,-,SQUID_INK,SEASHELLS,1965.0,1,-2
227900,-,-,KELP,SEASHELLS,2007.0,1,-2
227900,-,-,SQUID_INK,SEASHELLS,1967.0,1,-2
228300,-,-,RAINFOREST_RESIN,SEASHELLS,9998.0,4,-2
228700,-,-,RAINFOREST_RESIN,SEASHELLS,9998.0,1,-2
229200,-,-,RAINFOREST_RESIN,SEASHELLS,10005.0,8,-2
229600,-,-,RAINFOREST_RESIN,SEASHELLS,10002.0,4,-2
230000,-,-,RAINFOREST_RESIN,SEASHELLS,10002.0,1,-2
230400,-,-,KELP,SEASHELLS,2006.0,1,-2
230400,-,-,SQUID_INK,SEASHELLS,1958.0,1,-2
230600,-,-,KELP,SEASHELLS,2008.0,1,-2
230600,-,-,KELP,SEASHELLS,2007.0,4,-2
230600,-,-,KELP,SEASHELLS,2006.0,2,-2
230600,-,-,RAINFOREST_RESIN,SEASHELLS,9996.0,2,-2
230600,-,-,SQUID_INK,SEASHELLS,1960.0,1,-2
230600,-,-,SQUID_INK,SEASHELLS,1959.0,4,-2
230600,-,-,SQUID_INK,SEASHELLS,1958.0,2,-2
232500,-,-,KELP,SEASHELLS,2005.0,1,-2
232500,-,-,SQUID_INK,SEASHELLS,1965.0,1,-2
232700,-,-,KELP,SEASHELLS,2005.0,1,-2
232700,-,-,RAINFOREST_RESIN,SEASHELLS,9998.0,2,-2
232700,-,-,SQUID_INK,SEASHELLS,1966.0,1,-2
233000,-,-,RAINFOREST_RESIN,SEASHELLS,9998.0,4,-2
233100,-,-,KELP,SEASHELLS,2008.0,1,-2
233100,-,-,RAINFOREST_RESIN,SEASHELLS,10002.0,1,-2
233100,-,-,SQUID_INK,SEASHELLS,1971.0,1,-2
233200,-,-,RAINFOREST_RESIN,SEASHELLS,9998.0,1,-2
233500,-,-,RAINFOREST_RESIN,SEASHELLS,10002.0,1,-2
233900,-,-,KELP,SEASHELLS,2005.0,4,-2
233900,-,-,SQUID_INK,SEASHELLS,1969.0,4,-2
234500,-,-,KELP,SEASHELLS,2005.0,1,-2
234500,-,-,RAINFOREST_RESIN,SEASHELLS,9998.0,1,-2
234500,-,-,SQUID_INK,SEASHELLS,1965.0,1,-2
234800,-,-,RAINFOREST_RESIN,SEASHELLS,9998.0,1,-2
235400,-,-,KELP,SEASHELLS,2008.0,1,-2
235400,-,-,RAINFOREST_RESIN,SEASHELLS,9998.0,1,-2
235400,-,-,SQUID_INK,SEASHELLS,1971.0,1,-2
235700,-,-,RAINFOREST_RESIN,SEASHELLS,10002.0,1,-2
235800,-,-,KELP,SEASHELLS,2006.0,3,-2
236100,-,-,RAINFOREST_RESIN,SEASHELLS,9995.0,12,-2
236100,-,-,RAINFOREST_RESIN,SEASHELLS,9995.0,5,-2
236100,-,-,RAINFOREST_RESIN,SEASHELLS,9998.0,1,-2
236400,-,-,KELP,SEASHELLS,2006.0,2,-2
236400,-,-,RAINFOREST_RESIN,SEASHELLS,9996.0,2,-2
236400,-,-,RAINFOREST_RESIN,SEASHELLS,9998.0,1,-2
236400,-,-,SQUID_INK,SEASHELLS,1969.0,2,-2
236500,-,-,KELP,SEASHELLS,2007.0,1,-2
236500,-,-,KELP,SEASHELLS,2010.0,13,-2
236500,-,-,RAINFOREST_RESIN,SEASHELLS,9995.0,2,-2
236500,-,-,SQUID_INK,SEASHELLS,1969.0,1,-2
236500,-,-,SQUID_INK,SEASHELLS,1972.0,13,-2
236600,-,-,RAINFOREST_RESIN,SEASHELLS,10000.0,3,-2
236700,-,-,KELP,SEASHELLS,2007.0,1,-2
236700,-,-,SQUID_INK,SEASHELLS,1970.0,1,-2
236900,-,-,SQUID_INK,SEASHELLS,1972.0,4,-2
237000,-,-,KELP,SEASHELLS,2010.0,1,-2
237000,-,-,RAINFOREST_RESIN,SEASHELLS,10004.0,1,-2
237000,-,-,RAINFOREST_RESIN,SEASHELLS,10005.0,1,-2
237000,-,-,SQUID_INK,SEASHELLS,1974.0,1,-2
237100,-,-,RAINFOREST_RESIN,SEASHELLS,9995.0,4,-2
237100,-,-,RAINFOREST_RESIN,SEASHELLS,9998.0,1,-2
237700,-,-,KELP,SEASHELLS,2007.0,1,-2
237700,-,-,SQUID_INK,SEASHELLS,1972.0,1,-2
237900,-,-,KELP,SEASHELLS,2010.0,1,-2
237900,-,-,RAINFOREST_RESIN,SEASHELLS,10004.0,1,-2
237900,-,-,SQUID_INK,SEASHELLS,1977.0,1,-2
238000,-,-,KELP,SEASHELLS,2010.0,1,-2
238000,-,-,RAINFOREST_RESIN,SEASHELLS,10004.0,1,-2
238000,-,-,SQUID_INK,SEASHELLS,1977.0,1,-2
238300,-,-,KELP,SEASHELLS,2010.0,13,-2
238300,-,-,SQUID_INK,SEASHELLS,1976.0,13,-2
238700,-,-,KELP,SEASHELLS,2006.0,2,-2
238700,-,-,RAINFOREST_RESIN,SEASHELLS,10002.0,1,-2
238700,-,-,SQUID_INK,SEASHELLS,1974.0,2,-2
239100,-,-,KELP,SEASHELLS,2006.0,1,-2
239100,-,-,SQUID_INK,SEASHELLS,1975.0,1,-2
239200,-,-,KELP,SEASHELLS,2008.0,1,-2
239300,-,-,KELP,SEASHELLS,2008.0,5,-2
239300,-,-,SQUID_INK,SEASHELLS,1977.0,5,-2
239400,-,-,RAINFOREST_RESIN,SEASHELLS,10002.0,1,-2
239800,-,-,RAINFOREST_RESIN,SEASHELLS,9998.0,1,-2
240100,-,-,RAINFOREST_RESIN,SEASHELLS,9998.0,1,-2
240700,-,-,RAINFOREST_RESIN,SEASHELLS,9998.0,1,-2
241000,-,-,KELP,SEASHELLS,2005.0,1,-2
241000,-,-,SQUID_INK,SEASHELLS,1976.0,1,-2
241200,-,-,KELP,SEASHELLS,2005.0,1,-2
241200,-,-,RAINFOREST_RESIN,SEASHELLS,9998.0,3,-2
241200,-,-,SQUID_INK,SEASHELLS,1976.0,1,-2
241300,-,-,RAINFOREST_RESIN,SEASHELLS,9998.0,8,-2
241300,-,-,RAINFOREST_RESIN,SEASHELLS,9998.0,4,-2
241400,-,-,RAINFOREST_RESIN,SEASHELLS,9996.0,1,-2
241400,-,-,RAINFOREST_RESIN,SEASHELLS,9996.0,9,-2
241500,-,-,KELP,SEASHELLS,2005.0,1,-2
241500,-,-,SQUID_INK,SEASHELLS,1977.0,1,-2
241600,-,-,KELP,SEASHELLS,2006.0,2,-2
241600,-,-,SQUID_INK,SEASHELLS,1978.0,2,-2
241700,-,-,KELP,SEASHELLS,2008.0,2,-2
241700,-,-,RAINFOREST_RESIN,SEASHELLS,10002.0,2,-2
241700,-,-,SQUID_INK,SEASHELLS,1980.0,2,-2
241800,-,-,RAINFOREST_RESIN,SEASHELLS,10002.0,1,-2
242200,-,-,RAINFOREST_RESIN,SEASHELLS,9998.0,1,-2
242300,-,-,RAINFOREST_RESIN,SEASHELLS,10002.0,1,-2
242400,-,-,KELP,SEASHELLS,2005.0,11,-2
242400,-,-,SQUID_INK,SEASHELLS,1978.0,11,-2
242600,-,-,KELP,SEASHELLS,2007.0,1,-2
242600,-,-,SQUID_INK,SEASHELLS,1981.0,1,-2
242800,-,-,RAINFOREST_RESIN,SEASHELLS,10005.0,8,-2
242900,-,-,KELP,SEASHELLS,2007.0,1,-2
242900,-,-,SQUID_INK,SEASHELLS,1980.0,1,-2
243100,-,-,KELP,SEASHELLS,2005.0,1,-2
243100,-,-,SQUID_INK,SEASHELLS,1978.0,1,-2
243200,-,-,KELP,SEASHELLS,2005.0,3,-2
243200,-,-,RAINFOREST_RESIN,SEASHELLS,10005.0,4,-2
243200,-,-,SQUID_INK,SEASHELLS,1978.0,3,-2
243300,-,-,RAINFOREST_RESIN,SEASHELLS,9998.0,3,-2
243400,-,-,KELP,SEASHELLS,2007.0,1,-2
243400,-,-,RAINFOREST_RESIN,SEASHELLS,9996.0,1,-2
243400,-,-,SQUID_INK,SEASHELLS,1981.0,1,-2
243600,-,-,KELP,SEASHELLS,2005.0,1,-2
243600,-,-,KELP,SEASHELLS,2008.0,10,-2
243600,-,-,SQUID_INK,SEASHELLS,1978.0,1,-2
243600,-,-,SQUID_INK,SEASHELLS,1982.0,10,-2
243700,-,-,KELP,SEASHELLS,2004.0,2,-2
243700,-,-,RAINFOREST_RESIN,SEASHELLS,9996.0,1,-2
243700,-,-,SQUID_INK,SEASHELLS,1979.0,2,-2
244100,-,-,RAINFOREST_RESIN,SEASHELLS,9998.0,1,-2
244300,-,-,KELP,SEASHELLS,2004.0,8,-2
244300,-,-,SQUID_INK,SEASHELLS,1982.0,8,-2
244400,-,-,RAINFOREST_RESIN,SEASHELLS,9998.0,1,-2
244700,-,-,KELP,SEASHELLS,2006.0,1,-2
244900,-,-,RAINFOREST_RESIN,SEASHELLS,10002.0,1,-2
245000,-,-,RAINFOREST_RESIN,SEASHELLS,10002.0,8,-2
245200,-,-,KELP,SEASHELLS,2005.0,1,-2
245200,-,-,SQUID_INK,SEASHELLS,1980.0,1,-2
245300,-,-,KELP,SEASHELLS,2005.0,12,-2
245300,-,-,SQUID_INK,SEASHELLS,1981.0,12,-2
246100,-,-,RAINFOREST_RESIN,SEASHELLS,10002.0,3,-2
246200,-,-,RAINFOREST_RESIN,SEASHELLS,10002.0,3,-2
246700,-,-,KELP,SEASHELLS,2005.0,3,-2
246700,-,-,KELP,SEASHELLS,2005.0,1,-2
246700,-,-,SQUID_INK,SEASHELLS,1979.0,3,-2
246700,-,-,SQUID_INK,SEASHELLS,1979.0,1,-2
247100,-,-,RAINFOREST_RESIN,SEASHELLS,9998.0,1,-2
247300,-,-,KELP,SEASHELLS,2005.0,1,-2
247300,-,-,SQUID_INK,SEASHELLS,1979.0,1,-2
247400,-,-,KELP,SEASHELLS,2007.0,1,-2
247400,-,-,SQUID_INK,SEASHELLS,1981.0,1,-2
247600,-,-,KELP,SEASHELLS,2005.0,1,-2
247600,-,-,RAINFOREST_RESIN,SEASHELLS,9998.0,2,-2
247600,-,-,RAINFOREST_RESIN,SEASHELLS,9998.0,1,-2
247600,-,-,RAINFOREST_RESIN,SEASHELLS,9998.0,4,-2
247600,-,-,SQUID_INK,SEASHELLS,1979.0,1,-2
247700,-,-,KELP,SEASHELLS,2005.0,2,-2
247700,-,-,RAINFOREST_RESIN,SEASHELLS,9998.0,6,-2
247700,-,-,RAINFOREST_RESIN,SEASHELLS,9996.0,2,-2
247700,-,-,SQUID_INK,SEASHELLS,1983.0,2,-2
247900,-,-,RAINFOREST_RESIN,SEASHELLS,9996.0,1,-2
247900,-,-,RAINFOREST_RESIN,SEASHELLS,9996.0,9,-2
248400,-,-,KELP,SEASHELLS,2005.0,1,-2
248400,-,-,RAINFOREST_RESIN,SEASHELLS,9996.0,1,-2
248400,-,-,SQUID_INK,SEASHELLS,1982.0,1,-2
248500,-,-,SQUID_INK,SEASHELLS,1982.0,2,-2
248700,-,-,KELP,SEASHELLS,2005.0,10,-2
248700,-,-,RAINFOREST_RESIN,SEASHELLS,9998.0,1,-2
248700,-,-,SQUID_INK,SEASHELLS,1983.0,10,-2
249000,-,-,RAINFOREST_RESIN,SEASHELLS,10002.0,1,-2
249300,-,-,RAINFOREST_RESIN,SEASHELLS,9998.0,1,-2
249400,-,-,KELP,SEASHELLS,2005.0,1,-2
249400,-,-,RAINFOREST_RESIN,SEASHELLS,9998.0,1,-2
249400,-,-,SQUID_INK,SEASHELLS,1982.0,1,-2
249800,-,-,RAINFOREST_RESIN,SEASHELLS,10002.0,1,-2
249900,-,-,KELP,SEASHELLS,2007.0,1,-2
249900,-,-,RAINFOREST_RESIN,SEASHELLS,10002.0,1,-2
249900,-,-,SQUID_INK,SEASHELLS,1984.0,1,-2
250500,-,-,KELP,SEASHELLS,2008.0,2,-2
250500,-,-,RAINFOREST_RESIN,SEASHELLS,10005.0,2,-2
250500,-,-,RAINFOREST_RESIN,SEASHELLS,10002.0,1,-2
250500,-,-,SQUID_INK,SEASHELLS,1987.0,2,-2
250600,-,-,KELP,SEASHELLS,2007.0,1,-2
250600,-,-,SQUID_INK,SEASHELLS,1985.0,1,-2
250700,-,-,RAINFOREST_RESIN,SEASHELLS,9998.0,3,-2
251100,-,-,RAINFOREST_RESIN,SEASHELLS,10002.0,5,-2
251300,-,-,KELP,SEASHELLS,2005.0,1,-2
251300,-,-,SQUID_INK,SEASHELLS,1983.0,1,-2
251700,-,-,RAINFOREST_RESIN,SEASHELLS,9996.0,2,-2
251700,-,-,RAINFOREST_RESIN,SEASHELLS,9996.0,2,-2
251700,-,-,RAINFOREST_RESIN,SEASHELLS,9998.0,1,-2
251900,-,-,KELP,SEASHELLS,2005.0,15,-2
251900,-,-,KELP,SEASHELLS,2006.0,8,-2
251900,-,-,SQUID_INK,SEASHELLS,1982.0,15,-2
251900,-,-,SQUID_INK,SEASHELLS,1983.0,8,-2
252100,-,-,KELP,SEASHELLS,2006.0,2,-2
252300,-,-,RAINFOREST_RESIN,SEASHELLS,10002.0,5,-2
252400,-,-,KELP,SEASHELLS,2006.0,2,-2
252400,-,-,SQUID_INK,SEASHELLS,1981.0,2,-2
252800,-,-,KELP,SEASHELLS,2005.0,2,-2
252800,-,-,RAINFOREST_RESIN,SEASHELLS,9996.0,2,-2
252800,-,-,SQUID_INK,SEASHELLS,1981.0,2,-2
253500,-,-,KELP,SEASHELLS,2005.0,1,-2
253500,-,-,KELP,SEASHELLS,2005.0,1,-2
253500,-,-,RAINFOREST_RESIN,SEASHELLS,9996.0,1,-2
253500,-,-,SQUID_INK,SEASHELLS,1981.0,1,-2
253500,-,-,SQUID_INK,SEASHELLS,1981.0,1,-2
253700,-,-,KELP,SEASHELLS,2005.0,1,-2
253800,-,-,RAINFOREST_RESIN,SEASHELLS,10002.0,1,-2
254000,-,-,KELP,SEASHELLS,2008.0,2,-2
254000,-,-,RAINFOREST_RESIN,SEASHELLS,10005.0,2,-2
254000,-,-,SQUID_INK,SEASHELLS,1983.0,2,-2
254400,-,-,KELP,SEASHELLS,2006.0,3,-2
254400,-,-,SQUID_INK,SEASHELLS,1982.0,3,-2
254700,-,-,KELP,SEASHELLS,2009.0,1,-2
254700,-,-,RAINFOREST_RESIN,SEASHELLS,10004.0,1,-2
254700,-,-,SQUID_INK,SEASHELLS,1982.0,1,-2
254800,-,-,RAINFOREST_RESIN,SEASHELLS,10002.0,1,-2
255000,-,-,KELP,SEASHELLS,2005.0,1,-2
255000,-,-,SQUID_INK,SEASHELLS,1977.0,1,-2
255100,-,-,KELP,SEASHELLS,2005.0,2,-2
255100,-,-,RAINFOREST_RESIN,SEASHELLS,9996.0,1,-2
255100,-,-,SQUID_INK,SEASHELLS,1977.0,2,-2
255400,-,-,KELP,SEASHELLS,2006.0,1,-2
255400,-,-,SQUID_INK,SEASHELLS,1979.0,1,-2
256000,-,-,KELP,SEASHELLS,2008.0,1,-2
256000,-,-,SQUID_INK,SEASHELLS,1982.0,1,-2
256100,-,-,SQUID_INK,SEASHELLS,1984.0,4,-2
256500,-,-,KELP,SEASHELLS,2009.0,6,-2
256500,-,-,SQUID_INK,SEASHELLS,1985.0,6,-2
256700,-,-,KELP,SEASHELLS,2008.0,7,-2
256700,-,-,SQUID_INK,SEASHELLS,1982.0,7,-2
256900,-,-,KELP,SEASHELLS,2008.0,1,-2
256900,-,-,SQUID_INK,SEASHELLS,1982.0,1,-2
257000,-,-,RAINFOREST_RESIN,SEASHELLS,10002.0,1,-2
257100,-,-,KELP,SEASHELLS,2008.0,1,-2
257100,-,-,SQUID_INK,SEASHELLS,1982.0,1,-2
257600,-,-,KELP,SEASHELLS,2006.0,1,-2
257600,-,-,RAINFOREST_RESIN,SEASHELLS,9996.0,1,-2
257600,-,-,SQUID_INK,SEASHELLS,1980.0,1,-2
258000,-,-,RAINFOREST_RESIN,SEASHELLS,9998.0,1,-2
258200,-,-,KELP,SEASHELLS,2005.0,2,-2
258200,-,-,RAINFOREST_RESIN,SEASHELLS,9995.0,2,-2
258200,-,-,SQUID_INK,SEASHELLS,1978.0,2,-2
258400,-,-,KELP,SEASHELLS,2005.0,1,-2
258400,-,-,RAINFOREST_RESIN,SEASHELLS,10005.0,5,-2
258400,-,-,SQUID_INK,SEASHELLS,1979.0,1,-2
259300,-,-,KELP,SEASHELLS,2005.0,1,-2
259300,-,-,RAINFOREST_RESIN,SEASHELLS,9998.0,1,-2
259300,-,-,SQUID_INK,SEASHELLS,1978.0,1,-2
259500,-,-,KELP,SEASHELLS,2007.0,1,-2
259500,-,-,SQUID_INK,SEASHELLS,1980.0,1,-2
259800,-,-,SQUID_INK,SEASHELLS,1978.0,9,-2
260000,-,-,RAINFOREST_RESIN,SEASHELLS,10002.0,1,-2
260200,-,-,KELP,SEASHELLS,2005.0,1,-2
260200,-,-,RAINFOREST_RESIN,SEASHELLS,9995.0,1,-2
260200,-,-,SQUID_INK,SEASHELLS,1979.0,1,-2
260300,-,-,KELP,SEASHELLS,2006.0,1,-2
260300,-,-,RAINFOREST_RESIN,SEASHELLS,10002.0,1,-2
260300,-,-,SQUID_INK,SEASHELLS,1979.0,1,-2
260600,-,-,KELP,SEASHELLS,2005.0,1,-2
260600,-,-,RAINFOREST_RESIN,SEASHELLS,10004.0,1,-2
260600,-,-,SQUID_INK,SEASHELLS,1980.0,1,-2
261000,-,-,KELP,SEASHELLS,2007.0,1,-2
261000,-,-,SQUID_INK,SEASHELLS,1983.0,1,-2
261200,-,-,RAINFOREST_RESIN,SEASHELLS,10002.0,1,-2
261300,-,-,RAINFOREST_RESIN,SEASHELLS,10002.0,1,-2
261500,-,-,KELP,SEASHELLS,2006.0,1,-2
261500,-,-,RAINFOREST_RESIN,SEASHELLS,9998.0,1,-2
261500,-,-,SQUID_INK,SEASHELLS,1981.0,1,-2
261600,-,-,RAINFOREST_RESIN,SEASHELLS,10002.0,1,-2
261700,-,-,KELP,SEASHELLS,2007.0,6,-2
261700,-,-,SQUID_INK,SEASHELLS,1984.0,6,-2
261800,-,-,KELP,SEASHELLS,2007.0,1,-2
261800,-,-,SQUID_INK,SEASHELLS,1984.0,1,-2
261900,-,-,SQUID_INK,SEASHELLS,1982.0,1,-2
262200,-,-,KELP,SEASHELLS,2009.0,2,-2
262200,-,-,RAINFOREST_RESIN,SEASHELLS,10005.0,2,-2
262200,-,-,SQUID_INK,SEASHELLS,1984.0,2,-2
262400,-,-,RAINFOREST_RESIN,SEASHELLS,10002.0,1,-2
262500,-,-,RAINFOREST_RESIN,SEASHELLS,9998.0,2,-2
262800,-,-,KELP,SEASHELLS,2006.0,1,-2
262800,-,-,KELP,SEASHELLS,2008.0,7,-2
262800,-,-,SQUID_INK,SEASHELLS,1978.0,1,-2
262800,-,-,SQUID_INK,SEASHELLS,1980.0,7,-2
262900,-,-,KELP,SEASHELLS,2009.0,13,-2
262900,-,-,KELP,SEASHELLS,2008.0,1,-2
262900,-,-,SQUID_INK,SEASHELLS,1982.0,13,-2
262900,-,-,SQUID_INK,SEASHELLS,1980.0,1,-2
263500,-,-,KELP,SEASHELLS,2007.0,2,-2
263700,-,-,KELP,SEASHELLS,2006.0,1,-2
263800,-,-,RAINFOREST_RESIN,SEASHELLS,10002.0,1,-2
264200,-,-,KELP,SEASHELLS,2006.0,4,-2
264200,-,-,SQUID_INK,SEASHELLS,1975.0,4,-2
264700,-,-,RAINFOREST_RESIN,SEASHELLS,9998.0,1,-2
264800,-,-,KELP,SEASHELLS,2007.0,1,-2
264800,-,-,SQUID_INK,SEASHELLS,1977.0,1,-2
265000,-,-,RAINFOREST_RESIN,SEASHELLS,9998.0,1,-2
265100,-,-,KELP,SEASHELLS,2006.0,1,-2
265100,-,-,SQUID_INK,SEASHELLS,1974.0,1,-2
265500,-,-,KELP,SEASHELLS,2006.0,4,-2
265500,-,-,SQUID_INK,SEASHELLS,1975.0,4,-2
265700,-,-,KELP,SEASHELLS,2008.0,2,-2
265700,-,-,RAINFOREST_RESIN,SEASHELLS,10004.0,2,-2
265700,-,-,SQUID_INK,SEASHELLS,1976.0,2,-2
265900,-,-,KELP,SEASHELLS,2008.0,1,-2
265900,-,-,RAINFOREST_RESIN,SEASHELLS,10000.0,1,-2
265900,-,-,SQUID_INK,SEASHELLS,1976.0,1,-2
266000,-,-,KELP,SEASHELLS,2006.0,1,-2
266000,-,-,RAINFOREST_RESIN,SEASHELLS,9998.0,3,-2
266000,-,-,SQUID_INK,SEASHELLS,1974.0,1,-2
266300,-,-,KELP,SEASHELLS,2006.0,1,-2
266300,-,-,SQUID_INK,SEASHELLS,1976.0,1,-2
266500,-,-,KELP,SEASHELLS,2008.0,1,-2
266500,-,-,SQUID_INK,SEASHELLS,1979.0,1,-2
266700,-,-,RAINFOREST_RESIN,SEASHELLS,10002.0,1,-2
266800,-,-,KELP,SEASHELLS,2009.0,1,-2
266800,-,-,RAINFOREST_RESIN,SEASHELLS,10004.0,1,-2
266800,-,-,SQUID_INK,SEASHELLS,1980.0,1,-2
267000,-,-,KELP,SEASHELLS,2006.0,1,-2
267000,-,-,KELP,SEASHELLS,2006.0,4,-2
267000,-,-,KELP,SEASHELLS,2006.0,4,-2
267000,-,-,RAINFOREST_RESIN,SEASHELLS,10002.0,5,-2
267000,-,-,SQUID_INK,SEASHELLS,1978.0,1,-2
267000,-,-,SQUID_INK,SEASHELLS,1979.0,4,-2
267000,-,-,SQUID_INK,SEASHELLS,1979.0,4,-2
267200,-,-,SQUID_INK,SEASHELLS,1980.0,5,-2
267200,-,-,SQUID_INK,SEASHELLS,1980.0,1,-2
267600,-,-,RAINFOREST_RESIN,SEASHELLS,10002.0,1,-2
268500,-,-,KELP,SEASHELLS,2007.0,9,-2
268500,-,-,SQUID_INK,SEASHELLS,1980.0,9,-2
268800,-,-,KELP,SEASHELLS,2007.0,2,-2
268800,-,-,KELP,SEASHELLS,2007.0,2,-2
268800,-,-,RAINFOREST_RESIN,SEASHELLS,10004.0,2,-2
268800,-,-,SQUID_INK,SEASHELLS,1982.0,4,-2
269000,-,-,KELP,SEASHELLS,2006.0,2,-2
269000,-,-,RAINFOREST_RESIN,SEASHELLS,9996.0,1,-2
269000,-,-,RAINFOREST_RESIN,SEASHELLS,9996.0,1,-2
269000,-,-,SQUID_INK,SEASHELLS,1981.0,2,-2
269200,-,-,RAINFOREST_RESIN,SEASHELLS,10002.0,8,-2
269200,-,-,SQUID_INK,SEASHELLS,1982.0,2,-2
269200,-,-,SQUID_INK,SEASHELLS,1982.0,1,-2
269400,-,-,RAINFOREST_RESIN,SEASHELLS,9995.0,5,-2
269700,-,-,RAINFOREST_RESIN,SEASHELLS,9998.0,1,-2
269800,-,-,KELP,SEASHELLS,2008.0,1,-2
269800,-,-,RAINFOREST_RESIN,SEASHELLS,10002.0,2,-2
269800,-,-,RAINFOREST_RESIN,SEASHELLS,10002.0,1,-2
269800,-,-,SQUID_INK,SEASHELLS,1982.0,1,-2
269900,-,-,KELP,SEASHELLS,2008.0,1,-2
269900,-,-,SQUID_INK,SEASHELLS,1980.0,1,-2
270100,-,-,KELP,SEASHELLS,2006.0,1,-2
270100,-,-,SQUID_INK,SEASHELLS,1977.0,1,-2
270200,-,-,RAINFOREST_RESIN,SEASHELLS,9998.0,1,-2
270300,-,-,KELP,SEASHELLS,2006.0,1,-2
270300,-,-,SQUID_INK,SEASHELLS,1976.0,1,-2
270400,-,-,RAINFOREST_RESIN,SEASHELLS,10005.0,5,-2
270600,-,-,KELP,SEASHELLS,2008.0,1,-2
270600,-,-,SQUID_INK,SEASHELLS,1976.0,1,-2
270700,-,-,KELP,SEASHELLS,2006.0,1,-2
270700,-,-,SQUID_INK,SEASHELLS,1972.0,1,-2
270900,-,-,KELP,SEASHELLS,2009.0,2,-2
270900,-,-,RAINFOREST_RESIN,SEASHELLS,10004.0,2,-2
270900,-,-,SQUID_INK,SEASHELLS,1974.0,2,-2
271600,-,-,RAINFOREST_RESIN,SEASHELLS,9998.0,1,-2
271700,-,-,KELP,SEASHELLS,2006.0,1,-2
271700,-,-,KELP,SEASHELLS,2007.0,4,-2
271700,-,-,SQUID_INK,SEASHELLS,1963.0,1,-2
271700,-,-,SQUID_INK,SEASHELLS,1965.0,4,-2
271800,-,-,RAINFOREST_RESIN,SEASHELLS,10004.0,2,-2
272100,-,-,KELP,SEASHELLS,2008.0,1,-2
272200,-,-,KELP,SEASHELLS,2006.0,1,-2
272200,-,-,SQUID_INK,SEASHELLS,1959.0,1,-2
272300,-,-,RAINFOREST_RESIN,SEASHELLS,10002.0,2,-2
272700,-,-,RAINFOREST_RESIN,SEASHELLS,9998.0,1,-2
272800,-,-,KELP,SEASHELLS,2009.0,2,-2
272800,-,-,RAINFOREST_RESIN,SEASHELLS,10004.0,1,-2
272800,-,-,RAINFOREST_RESIN,SEASHELLS,10005.0,2,-2
272800,-,-,SQUID_INK,SEASHELLS,1959.0,2,-2
273400,-,-,RAINFOREST_RESIN,SEASHELLS,9996.0,2,-2
273400,-,-,RAINFOREST_RESIN,SEASHELLS,9996.0,6,-2
274200,-,-,KELP,SEASHELLS,2008.0,1,-2
274200,-,-,SQUID_INK,SEASHELLS,1961.0,1,-2
274800,-,-,KELP,SEASHELLS,2006.0,9,-2
274800,-,-,SQUID_INK,SEASHELLS,1961.0,9,-2
275000,-,-,KELP,SEASHELLS,2008.0,1,-2
275000,-,-,SQUID_INK,SEASHELLS,1963.0,1,-2
275600,-,-,RAINFOREST_RESIN,SEASHELLS,9998.0,1,-2
276500,-,-,RAINFOREST_RESIN,SEASHELLS,9998.0,1,-2
276800,-,-,KELP,SEASHELLS,2007.0,4,-2
276800,-,-,SQUID_INK,SEASHELLS,1967.0,4,-2
276900,-,-,KELP,SEASHELLS,2007.0,4,-2
276900,-,-,SQUID_INK,SEASHELLS,1967.0,4,-2
277000,-,-,KELP,SEASHELLS,2005.0,1,-2
277000,-,-,KELP,SEASHELLS,2005.0,2,-2
277000,-,-,RAINFOREST_RESIN,SEASHELLS,9996.0,2,-2
277000,-,-,SQUID_INK,SEASHELLS,1965.0,1,-2
277000,-,-,SQUID_INK,SEASHELLS,1965.0,2,-2
277800,-,-,KELP,SEASHELLS,2006.0,5,-2
277800,-,-,SQUID_INK,SEASHELLS,1967.0,5,-2
278000,-,-,KELP,SEASHELLS,2006.0,4,-2
278100,-,-,KELP,SEASHELLS,2005.0,1,-2
278200,-,-,KELP,SEASHELLS,2005.0,1,-2
278200,-,-,RAINFOREST_RESIN,SEASHELLS,9998.0,3,-2
278200,-,-,SQUID_INK,SEASHELLS,1966.0,1,-2
278500,-,-,RAINFOREST_RESIN,SEASHELLS,9996.0,1,-2
279300,-,-,KELP,SEASHELLS,2006.0,1,-2
279300,-,-,SQUID_INK,SEASHELLS,1963.0,1,-2
279400,-,-,KELP,SEASHELLS,2006.0,2,-2
279400,-,-,RAINFOREST_RESIN,SEASHELLS,9996.0,2,-2
279400,-,-,RAINFOREST_RESIN,SEASHELLS,9995.0,2,-2
279400,-,-,SQUID_INK,SEASHELLS,1962.0,2,-2
279900,-,-,KELP,SEASHELLS,2006.0,1,-2
279900,-,-,RAINFOREST_RESIN,SEASHELLS,9996.0,1,-2
279900,-,-,SQUID_INK,SEASHELLS,1962.0,2,-2
280200,-,-,KELP,SEASHELLS,2006.0,2,-2
280200,-,-,SQUID_INK,SEASHELLS,1964.0,2,-2
280300,-,-,KELP,SEASHELLS,2006.0,1,-2
280300,-,-,SQUID_INK,SEASHELLS,1964.0,1,-2
280400,-,-,KELP,SEASHELLS,2006.0,3,-2
280400,-,-,KELP,SEASHELLS,2009.0,2,-2
280400,-,-,RAINFOREST_RESIN,SEASHELLS,10004.0,2,-2
280400,-,-,SQUID_INK,SEASHELLS,1964.0,3,-2
280400,-,-,SQUID_INK,SEASHELLS,1967.0,2,-2
280500,-,-,SQUID_INK,SEASHELLS,1964.0,1,-2
280900,-,-,RAINFOREST_RESIN,SEASHELLS,10000.0,2,-2
281100,-,-,RAINFOREST_RESIN,SEASHELLS,10002.0,5,-2
282200,-,-,KELP,SEASHELLS,2006.0,1,-2
282200,-,-,SQUID_INK,SEASHELLS,1965.0,1,-2
282400,-,-,RAINFOREST_RESIN,SEASHELLS,10002.0,1,-2
282500,-,-,RAINFOREST_RESIN,SEASHELLS,9995.0,2,-2
282600,-,-,KELP,SEASHELLS,2009.0,13,-2
282600,-,-,SQUID_INK,SEASHELLS,1969.0,13,-2
283100,-,-,KELP,SEASHELLS,2006.0,6,-2
283100,-,-,SQUID_INK,SEASHELLS,1968.0,6,-2
283300,-,-,KELP,SEASHELLS,2009.0,2,-2
283300,-,-,RAINFOREST_RESIN,SEASHELLS,10004.0,1,-2
283300,-,-,RAINFOREST_RESIN,SEASHELLS,10004.0,1,-2
283300,-,-,SQUID_INK,SEASHELLS,1971.0,2,-2
